
  <record>
    <leader>01000aam  22002601a 4500</leader>
    <controlfield tag="001">YPZ99749</controlfield>
    <controlfield tag="003">YPZ</controlfield>
    <controlfield tag="005">201509010929160</controlfield>
    <controlfield tag="008">150901|###########||||||b||||||||||spa|d</controlfield>
    <datafield tag="020" ind1=" " ind2=" ">
      <subfield code="a">9788448151683</subfield>
    </datafield>
    <datafield tag="020" ind1=" " ind2=" ">
      <subfield code="a">9788447532308</subfield>
    </datafield>
    <datafield tag="040" ind1=" " ind2=" ">
      <subfield code="c">SIUNPA</subfield>
    </datafield>
    <datafield tag="041" ind1=" " ind2=" ">
      <subfield code="a">spa</subfield>
    </datafield>
    <datafield tag="044" ind1=" " ind2=" ">
      <subfield code="a">ES</subfield>
    </datafield>
    <datafield tag="080" ind1=" " ind2=" ">
      <subfield code="a">581.1 F981f2</subfield>
    </datafield>
    <datafield tag="245" ind1=" " ind2=" ">
      <subfield code="a">Fundamentos de fisiología vegetal</subfield>
      <subfield code="b"> : 2a edición</subfield>
      <subfield code="c"> / Azcón-Bieto, J., coord. ; Talón, Manuel, coord.</subfield>
    </datafield>
    <datafield tag="260" ind1=" " ind2=" ">
      <subfield code="a">Madrid</subfield>
      <subfield code="a">Barcelona</subfield>
      <subfield code="b"> : McGraw-Hill Interamericana</subfield>
      <subfield code="b"> : Publicacions i Edicions de la Univeritat, UBe</subfield>
      <subfield code="c"> , 2008</subfield>
      <subfield code="c"> , 2000</subfield>
    </datafield>
    <datafield tag="650" ind1=" " ind2=" ">
      <subfield code="a"> FISIOLOGIA VEGETAL</subfield>
    </datafield>
    <datafield tag="942" ind1=" " ind2=" ">
      <subfield code="c">BK</subfield>
    </datafield>
    <datafield tag="952" ind1=" " ind2=" ">
      <subfield code="a">BIB_RECT</subfield>
      <subfield code="b">BIB_UARG</subfield>
      <subfield code="d">2015-09-01</subfield>
      <subfield code="y">BK</subfield>
      <subfield code="p">05-47460</subfield>
      <subfield code="i">05-47460</subfield>
      <subfield code="g">840</subfield>
      <subfield code="o">581.1 F981f2</subfield>
      <subfield code="e">UARG</subfield>
      <subfield code="8">CG</subfield>
    </datafield>
    <datafield tag="952" ind1=" " ind2=" ">
      <subfield code="a">BIB_RECT</subfield>
      <subfield code="b">BIB_UARG</subfield>
      <subfield code="d">2015-09-01</subfield>
      <subfield code="y">BK</subfield>
      <subfield code="p">05-47461</subfield>
      <subfield code="i">05-47461</subfield>
      <subfield code="g">840</subfield>
      <subfield code="o">581.1 F981f2</subfield>
      <subfield code="e">UARG</subfield>
      <subfield code="8">CG</subfield>
    </datafield>
  </record>