
  <record>
    <leader>01000aam  22002601a 4500</leader>
    <controlfield tag="001">YPZ99751</controlfield>
    <controlfield tag="003">YPZ</controlfield>
    <controlfield tag="005">201509011010030</controlfield>
    <controlfield tag="008">150901|###########||||||b||||||||||spa|d</controlfield>
    <datafield tag="020" ind1=" " ind2=" ">
      <subfield code="a">9788484485117</subfield>
    </datafield>
    <datafield tag="040" ind1=" " ind2=" ">
      <subfield code="c">SIUNPA</subfield>
    </datafield>
    <datafield tag="041" ind1=" " ind2=" ">
      <subfield code="a">spa</subfield>
    </datafield>
    <datafield tag="044" ind1=" " ind2=" ">
      <subfield code="a">ES</subfield>
    </datafield>
    <datafield tag="080" ind1=" " ind2=" ">
      <subfield code="a">556.5 H632h</subfield>
    </datafield>
    <datafield tag="245" ind1=" " ind2=" ">
      <subfield code="a">Hidrología de conservación de aguas</subfield>
      <subfield code="b"> : captación de precipitaciones horizontales y escorrentías en zonas secas</subfield>
      <subfield code="c"> / Navarro Hevia, Joaquín, coord. ; Martínez de Azagra Paredes, Andrés, coord. ; Mongil Manso, Jorge, coord.</subfield>
    </datafield>
    <datafield tag="260" ind1=" " ind2=" ">
      <subfield code="a">Valladolid</subfield>
      <subfield code="b"> : Secretariado de Publicaciones e Intercambio, Universidad de Valladolid</subfield>
      <subfield code="c"> , 2009</subfield>
    </datafield>
    <datafield tag="440" ind1=" " ind2=" ">
      <subfield code="a">Colección Temática. Ciencias</subfield>
      <subfield code="a">Serie Ciencias</subfield>
      <subfield code="v">no. 25</subfield>
    </datafield>
    <datafield tag="490" ind1=" " ind2=" ">
      <subfield code="a">Colección Temática. Ciencias</subfield>
      <subfield code="a">Serie Ciencias</subfield>
      <subfield code="v">no. 25</subfield>
    </datafield>
    <datafield tag="650" ind1=" " ind2=" ">
      <subfield code="a"> HIDROGEOLOGIA</subfield>
    </datafield>
    <datafield tag="650" ind1=" " ind2=" ">
      <subfield code="a"> CONSERVACION DE LOS RECURSOS NATURALES</subfield>
    </datafield>
    <datafield tag="942" ind1=" " ind2=" ">
      <subfield code="c">BK</subfield>
    </datafield>
    <datafield tag="952" ind1=" " ind2=" ">
      <subfield code="a">BIB_RECT</subfield>
      <subfield code="b">BIB_UARG</subfield>
      <subfield code="d">2015-09-01</subfield>
      <subfield code="y">BK</subfield>
      <subfield code="p">05-47458</subfield>
      <subfield code="i">05-47458</subfield>
      <subfield code="g">260</subfield>
      <subfield code="o">556.5 H632h</subfield>
      <subfield code="e">UARG</subfield>
      <subfield code="8">CG</subfield>
    </datafield>
  </record>