
  <record>
    <leader>01000aam  22002601a 4500</leader>
    <controlfield tag="001">YPZ99777</controlfield>
    <controlfield tag="003">YPZ</controlfield>
    <controlfield tag="005">201509141512540</controlfield>
    <controlfield tag="008">150914|###########||||||b||||||||||spa|d</controlfield>
    <datafield tag="040" ind1=" " ind2=" ">
      <subfield code="c">SIUNPA</subfield>
    </datafield>
    <datafield tag="041" ind1=" " ind2=" ">
      <subfield code="a">spa</subfield>
    </datafield>
    <datafield tag="044" ind1=" " ind2=" ">
      <subfield code="a">AR</subfield>
    </datafield>
    <datafield tag="080" ind1=" " ind2=" ">
      <subfield code="a">159.9.018 G798t</subfield>
    </datafield>
    <datafield tag="100" ind1=" " ind2=" ">
      <subfield code="a">Greenberg, Ira A.</subfield>
    </datafield>
    <datafield tag="245" ind1=" " ind2=" ">
      <subfield code="a">Técnicas del tratamiento psicodramático</subfield>
      <subfield code="c"> / Fischman, María E.I. de, versión castellana ; Fischman, Gabriela, versión castellana</subfield>
    </datafield>
    <datafield tag="260" ind1=" " ind2=" ">
      <subfield code="a">Buenos Aires</subfield>
      <subfield code="b"> : Horme</subfield>
      <subfield code="c"> , 1978</subfield>
    </datafield>
    <datafield tag="440" ind1=" " ind2=" ">
      <subfield code="a">Colección del centro de investigaciones en Ciencias Sociales, CICSO</subfield>
      <subfield code="a">Biblioteca cultural. Colección los fundamentales</subfield>
      <subfield code="a">Biblioteca psicología de hoy. Serie menor</subfield>
      <subfield code="v">105</subfield>
    </datafield>
    <datafield tag="490" ind1=" " ind2=" ">
      <subfield code="a">Colección del centro de investigaciones en Ciencias Sociales, CICSO</subfield>
      <subfield code="a">Biblioteca cultural. Colección los fundamentales</subfield>
      <subfield code="a">Biblioteca psicología de hoy. Serie menor</subfield>
      <subfield code="v">105</subfield>
    </datafield>
    <datafield tag="650" ind1=" " ind2=" ">
      <subfield code="a"> PSICOTERAPIA</subfield>
    </datafield>
    <datafield tag="650" ind1=" " ind2=" ">
      <subfield code="a"> PSICODRAMA</subfield>
    </datafield>
    <datafield tag="942" ind1=" " ind2=" ">
      <subfield code="c">BK</subfield>
    </datafield>
    <datafield tag="952" ind1=" " ind2=" ">
      <subfield code="a">BIB_RECT</subfield>
      <subfield code="b">BIB_UARG</subfield>
      <subfield code="d">2015-09-10</subfield>
      <subfield code="y">BK</subfield>
      <subfield code="p">05-47491</subfield>
      <subfield code="i">05-47491</subfield>
      <subfield code="g">70</subfield>
      <subfield code="o">159.9.018 G798t</subfield>
      <subfield code="e">Donación</subfield>
      <subfield code="8">CG</subfield>
    </datafield>
  </record>