
  <record>
    <leader>01000aam  22002601a 4500</leader>
    <controlfield tag="001">YPZ99800</controlfield>
    <controlfield tag="003">YPZ</controlfield>
    <controlfield tag="005">201509291149030</controlfield>
    <controlfield tag="008">150929|###########||||||b||||||||||spa|d</controlfield>
    <datafield tag="020" ind1=" " ind2=" ">
      <subfield code="a">8495294745</subfield>
    </datafield>
    <datafield tag="040" ind1=" " ind2=" ">
      <subfield code="c">SIUNPA</subfield>
    </datafield>
    <datafield tag="041" ind1=" " ind2=" ">
      <subfield code="a">spa</subfield>
    </datafield>
    <datafield tag="044" ind1=" " ind2=" ">
      <subfield code="a">AR</subfield>
    </datafield>
    <datafield tag="080" ind1=" " ind2=" ">
      <subfield code="a">378.4 S237u</subfield>
    </datafield>
    <datafield tag="100" ind1=" " ind2=" ">
      <subfield code="a">Santos, Boaventura de Sousa.</subfield>
    </datafield>
    <datafield tag="245" ind1=" " ind2=" ">
      <subfield code="a">La universidad en el siglo XXI</subfield>
      <subfield code="b"> : para una reforma democrática y emancipadora de la universidad</subfield>
      <subfield code="c"> / Moncada, Ramón, tr. ; Bolaña, Marisa, rev. y corrección ; Bruno, Catalina, rev. y corrección ; Tanoni, Cecilia, rev. y corrección</subfield>
    </datafield>
    <datafield tag="260" ind1=" " ind2=" ">
      <subfield code="a">Buenos Aires</subfield>
      <subfield code="b"> : Miño y Dávila</subfield>
      <subfield code="c"> , 2005</subfield>
    </datafield>
    <datafield tag="650" ind1=" " ind2=" ">
      <subfield code="a"> UNIVERSIDADES</subfield>
    </datafield>
    <datafield tag="650" ind1=" " ind2=" ">
      <subfield code="a"> SIGLO XXI</subfield>
    </datafield>
    <datafield tag="942" ind1=" " ind2=" ">
      <subfield code="c">BK</subfield>
    </datafield>
    <datafield tag="952" ind1=" " ind2=" ">
      <subfield code="a">BIB_RECT</subfield>
      <subfield code="b">BIB_UARG</subfield>
      <subfield code="d">2015-09-29</subfield>
      <subfield code="y">BK</subfield>
      <subfield code="p">05-47528</subfield>
      <subfield code="i">05-47528</subfield>
      <subfield code="g">629</subfield>
      <subfield code="o">378.4 S237u</subfield>
      <subfield code="e">PROMINF</subfield>
      <subfield code="8">CG</subfield>
    </datafield>
    <datafield tag="952" ind1=" " ind2=" ">
      <subfield code="a">BIB_RECT</subfield>
      <subfield code="b">BIB_UARG</subfield>
      <subfield code="d">2016-03-17</subfield>
      <subfield code="y">BK</subfield>
      <subfield code="p">05-47713</subfield>
      <subfield code="i">05-47713</subfield>
      <subfield code="g">90</subfield>
      <subfield code="o">378.4 S237u</subfield>
      <subfield code="e">Donación</subfield>
      <subfield code="8">CG</subfield>
    </datafield>
  </record>