
  <record>
    <leader>01000aam  22002601a 4500</leader>
    <controlfield tag="001">YPZ99807</controlfield>
    <controlfield tag="003">YPZ</controlfield>
    <controlfield tag="005">201509301524310</controlfield>
    <controlfield tag="008">150930|###########||||||b||||||||||spa|d</controlfield>
    <datafield tag="020" ind1=" " ind2=" ">
      <subfield code="a">0262041421</subfield>
    </datafield>
    <datafield tag="040" ind1=" " ind2=" ">
      <subfield code="c">SIUNPA</subfield>
    </datafield>
    <datafield tag="041" ind1=" " ind2=" ">
      <subfield code="a">eng</subfield>
    </datafield>
    <datafield tag="044" ind1=" " ind2=" ">
      <subfield code="a">US</subfield>
    </datafield>
    <datafield tag="080" ind1=" " ind2=" ">
      <subfield code="a">004.42 D653f</subfield>
    </datafield>
    <datafield tag="100" ind1=" " ind2=" ">
      <subfield code="a">Doets, Kees.</subfield>
    </datafield>
    <datafield tag="245" ind1=" " ind2=" ">
      <subfield code="a">From logic to logic programming</subfield>
    </datafield>
    <datafield tag="260" ind1=" " ind2=" ">
      <subfield code="a">Cambridge, Mass.</subfield>
      <subfield code="b"> : MIT Press</subfield>
      <subfield code="c"> , 1994</subfield>
    </datafield>
    <datafield tag="650" ind1=" " ind2=" ">
      <subfield code="a"> PROGRAMACION DE COMPUTADORA</subfield>
    </datafield>
    <datafield tag="650" ind1=" " ind2=" ">
      <subfield code="a"> LOGICA COMPUTACIONAL</subfield>
    </datafield>
    <datafield tag="942" ind1=" " ind2=" ">
      <subfield code="c">BK</subfield>
    </datafield>
    <datafield tag="952" ind1=" " ind2=" ">
      <subfield code="a">BIB_RECT</subfield>
      <subfield code="b">BIB_UARG</subfield>
      <subfield code="d">2015-09-29</subfield>
      <subfield code="y">BK</subfield>
      <subfield code="p">05-47522</subfield>
      <subfield code="i">05-47522</subfield>
      <subfield code="g">484.5</subfield>
      <subfield code="o">004.42 D653f</subfield>
      <subfield code="e">PROMINF</subfield>
      <subfield code="8">CG</subfield>
    </datafield>
    <datafield tag="952" ind1=" " ind2=" ">
      <subfield code="a">BIB_RECT</subfield>
      <subfield code="b">BIB_UARG</subfield>
      <subfield code="d">2015-09-29</subfield>
      <subfield code="y">BK</subfield>
      <subfield code="p">05-47523</subfield>
      <subfield code="i">05-47523</subfield>
      <subfield code="g">484.5</subfield>
      <subfield code="o">004.42 D653f</subfield>
      <subfield code="e">PROMINF</subfield>
      <subfield code="8">CG</subfield>
    </datafield>
    <datafield tag="952" ind1=" " ind2=" ">
      <subfield code="a">BIB_RECT</subfield>
      <subfield code="b">BIB_UARG</subfield>
      <subfield code="d">2016-03-17</subfield>
      <subfield code="y">BK</subfield>
      <subfield code="p">05-47714</subfield>
      <subfield code="i">05-47714</subfield>
      <subfield code="g">600</subfield>
      <subfield code="o">004.42 D653f</subfield>
      <subfield code="e">Donación</subfield>
      <subfield code="8">CG</subfield>
    </datafield>
  </record>