
  <record>
    <leader>01000aam  22002601a 4500</leader>
    <controlfield tag="001">YPZ99809</controlfield>
    <controlfield tag="003">YPZ</controlfield>
    <controlfield tag="005">201509301609300</controlfield>
    <controlfield tag="008">150930|###########||||||b||||||||||spa|d</controlfield>
    <datafield tag="020" ind1=" " ind2=" ">
      <subfield code="a">8483015153</subfield>
    </datafield>
    <datafield tag="040" ind1=" " ind2=" ">
      <subfield code="c">SIUNPA</subfield>
    </datafield>
    <datafield tag="041" ind1=" " ind2=" ">
      <subfield code="a">spa</subfield>
    </datafield>
    <datafield tag="044" ind1=" " ind2=" ">
      <subfield code="a">ES</subfield>
    </datafield>
    <datafield tag="080" ind1=" " ind2=" ">
      <subfield code="a">519.713 C338l</subfield>
    </datafield>
    <datafield tag="100" ind1=" " ind2=" ">
      <subfield code="a">Cases Muñoz, Rafel.</subfield>
    </datafield>
    <datafield tag="700" ind1=" " ind2=" ">
      <subfield code="a">Màrquez Villodre, Lluís..</subfield>
    </datafield>
    <datafield tag="245" ind1=" " ind2=" ">
      <subfield code="a">Lenguajes, gramáticas y autómatas</subfield>
      <subfield code="b"> : curso básico</subfield>
    </datafield>
    <datafield tag="250" ind1=" " ind2=" ">
      <subfield code="a">1a ed.</subfield>
    </datafield>
    <datafield tag="260" ind1=" " ind2=" ">
      <subfield code="a">Barcelona</subfield>
      <subfield code="b"> : Universitat Politècnica de Catalunya, UPC</subfield>
      <subfield code="c"> , 2001</subfield>
    </datafield>
    <datafield tag="440" ind1=" " ind2=" ">
      <subfield code="a">Cuadernos del instituto de letras</subfield>
      <subfield code="a">Cuadernos del instituto de letras</subfield>
      <subfield code="a">Colección pensamiento latinoamericano</subfield>
      <subfield code="a">Sección de obras de psicología, psiquiatría, psicoanálisis</subfield>
      <subfield code="a">Colección recursos didácticos</subfield>
      <subfield code="a">International computer science series</subfield>
      <subfield code="a">Colección libros del LPP</subfield>
      <subfield code="a">Prentice Hall international series in computer science</subfield>
      <subfield code="a">International Computer Science Series</subfield>
      <subfield code="a">International Computer Science Series</subfield>
      <subfield code="a">Foundations of computing</subfield>
      <subfield code="a">Politex</subfield>
      <subfield code="v">108</subfield>
    </datafield>
    <datafield tag="490" ind1=" " ind2=" ">
      <subfield code="a">Cuadernos del instituto de letras</subfield>
      <subfield code="a">Cuadernos del instituto de letras</subfield>
      <subfield code="a">Colección pensamiento latinoamericano</subfield>
      <subfield code="a">Sección de obras de psicología, psiquiatría, psicoanálisis</subfield>
      <subfield code="a">Colección recursos didácticos</subfield>
      <subfield code="a">International computer science series</subfield>
      <subfield code="a">Colección libros del LPP</subfield>
      <subfield code="a">Prentice Hall international series in computer science</subfield>
      <subfield code="a">International Computer Science Series</subfield>
      <subfield code="a">International Computer Science Series</subfield>
      <subfield code="a">Foundations of computing</subfield>
      <subfield code="a">Politex</subfield>
      <subfield code="v">108</subfield>
    </datafield>
    <datafield tag="650" ind1=" " ind2=" ">
      <subfield code="a"> LENGUAJES FORMALES</subfield>
    </datafield>
    <datafield tag="650" ind1=" " ind2=" ">
      <subfield code="a"> SISTEMAS AUTOORGANIZATIVOS</subfield>
    </datafield>
    <datafield tag="942" ind1=" " ind2=" ">
      <subfield code="c">BK</subfield>
    </datafield>
    <datafield tag="952" ind1=" " ind2=" ">
      <subfield code="a">BIB_RECT</subfield>
      <subfield code="b">BIB_UARG</subfield>
      <subfield code="d">2015-09-29</subfield>
      <subfield code="y">BK</subfield>
      <subfield code="p">05-47520</subfield>
      <subfield code="i">05-47520</subfield>
      <subfield code="g">827</subfield>
      <subfield code="o">519.713 C338l</subfield>
      <subfield code="e">PROMINF</subfield>
      <subfield code="8">CG</subfield>
    </datafield>
    <datafield tag="952" ind1=" " ind2=" ">
      <subfield code="a">BIB_RECT</subfield>
      <subfield code="b">BIB_UARG</subfield>
      <subfield code="d">2016-03-17</subfield>
      <subfield code="y">BK</subfield>
      <subfield code="p">05-47715</subfield>
      <subfield code="i">05-47715</subfield>
      <subfield code="g">170</subfield>
      <subfield code="o">519.713 C338l</subfield>
      <subfield code="e">Donación</subfield>
      <subfield code="8">CG</subfield>
    </datafield>
  </record>