
  <record>
    <leader>01000aam  22002601a 4500</leader>
    <controlfield tag="001">YPZ99811</controlfield>
    <controlfield tag="003">YPZ</controlfield>
    <controlfield tag="005">201510091526020</controlfield>
    <controlfield tag="008">151009|###########||||||b||||||||||spa|d</controlfield>
    <datafield tag="040" ind1=" " ind2=" ">
      <subfield code="c">SIUNPA</subfield>
    </datafield>
    <datafield tag="041" ind1=" " ind2=" ">
      <subfield code="a">spa</subfield>
    </datafield>
    <datafield tag="044" ind1=" " ind2=" ">
      <subfield code="a">US</subfield>
    </datafield>
    <datafield tag="080" ind1=" " ind2=" ">
      <subfield code="a">R(031) E561enci</subfield>
    </datafield>
    <datafield tag="245" ind1=" " ind2=" ">
      <subfield code="a">Enciclopedia Barsa de consulta fácil</subfield>
    </datafield>
    <datafield tag="260" ind1=" " ind2=" ">
      <subfield code="a">Chicago, Ill.</subfield>
      <subfield code="b"> : Encyclopædia Britannica</subfield>
      <subfield code="c"> , 1968</subfield>
    </datafield>
    <datafield tag="500" ind1=" " ind2=" ">
      <subfield code="a">En portada: Preparada con el asesoramiento del cuerpo de redacción de la Encyclopædia Britannica</subfield>
    </datafield>
    <datafield tag="505" ind1=" " ind2=" ">
      <subfield code="a">Contenido: t.1. Indice Enciclopédico -- t.2. Aarón-Armadillo -- t.3. Armadura-Bolsa -- t.4. Bomba-Cinematografía -- t.5. Cínicos-Diente de león -- t.6. Dientes-Familia -- t.7. Fanfarria-Guayacán -- t.8. Guayanas-Inglaterra -- t.9. Inglesa, Lengua-Londres -- t.10. Longfellow, Enrique W.-Muérdago -- t.11. Muerto, Mar-Pericles -- t.12. Perico Ligero-Ramiro -- t.13. Ramón Berenguer-Solar, Sistema -- t.14. Soldadura-Uruguay -- t.15. Usufructo-Zweig, Esteban y Atlas -- t.16. Guías de Lectura</subfield>
    </datafield>
    <datafield tag="650" ind1=" " ind2=" ">
      <subfield code="a"> ENCICLOPEDIA</subfield>
    </datafield>
    <datafield tag="942" ind1=" " ind2=" ">
      <subfield code="c">BK</subfield>
    </datafield>
    <datafield tag="952" ind1=" " ind2=" ">
      <subfield code="a">BIB_RECT</subfield>
      <subfield code="b">BIB_UARG</subfield>
      <subfield code="d">2015-10-08</subfield>
      <subfield code="y">BK</subfield>
      <subfield code="p">05-47530</subfield>
      <subfield code="i">05-47530</subfield>
      <subfield code="g">230</subfield>
      <subfield code="o">R(031) E561enci</subfield>
      <subfield code="e">Don. Flia. Celada, Amelia</subfield>
      <subfield code="8">CR</subfield>
      <subfield code="7">4</subfield>
    </datafield>
    <datafield tag="952" ind1=" " ind2=" ">
      <subfield code="a">BIB_RECT</subfield>
      <subfield code="b">BIB_UARG</subfield>
      <subfield code="d">2015-10-08</subfield>
      <subfield code="y">BK</subfield>
      <subfield code="p">05-47531</subfield>
      <subfield code="i">05-47531</subfield>
      <subfield code="g">230</subfield>
      <subfield code="o">R(031) E561enci</subfield>
      <subfield code="e">Don. Flia. Celada, Amelia</subfield>
      <subfield code="8">CR</subfield>
      <subfield code="7">4</subfield>
    </datafield>
    <datafield tag="952" ind1=" " ind2=" ">
      <subfield code="a">BIB_RECT</subfield>
      <subfield code="b">BIB_UARG</subfield>
      <subfield code="d">2015-10-08</subfield>
      <subfield code="y">BK</subfield>
      <subfield code="p">05-47532</subfield>
      <subfield code="i">05-47532</subfield>
      <subfield code="g">230</subfield>
      <subfield code="o">R(031) E561enci</subfield>
      <subfield code="e">Don. Flia. Celada, Amelia</subfield>
      <subfield code="8">CR</subfield>
      <subfield code="7">4</subfield>
    </datafield>
    <datafield tag="952" ind1=" " ind2=" ">
      <subfield code="a">BIB_RECT</subfield>
      <subfield code="b">BIB_UARG</subfield>
      <subfield code="d">2015-10-08</subfield>
      <subfield code="y">BK</subfield>
      <subfield code="p">05-47533</subfield>
      <subfield code="i">05-47533</subfield>
      <subfield code="g">230</subfield>
      <subfield code="o">R(031) E561enci</subfield>
      <subfield code="e">Don. Flia. Celada, Amelia</subfield>
      <subfield code="8">CR</subfield>
      <subfield code="7">4</subfield>
    </datafield>
    <datafield tag="952" ind1=" " ind2=" ">
      <subfield code="a">BIB_RECT</subfield>
      <subfield code="b">BIB_UARG</subfield>
      <subfield code="d">2015-10-08</subfield>
      <subfield code="y">BK</subfield>
      <subfield code="p">05-47534</subfield>
      <subfield code="i">05-47534</subfield>
      <subfield code="g">230</subfield>
      <subfield code="o">R(031) E561enci</subfield>
      <subfield code="e">Don. Flia. Celada, Amelia</subfield>
      <subfield code="8">CR</subfield>
      <subfield code="7">4</subfield>
    </datafield>
    <datafield tag="952" ind1=" " ind2=" ">
      <subfield code="a">BIB_RECT</subfield>
      <subfield code="b">BIB_UARG</subfield>
      <subfield code="d">2015-10-08</subfield>
      <subfield code="y">BK</subfield>
      <subfield code="p">05-47535</subfield>
      <subfield code="i">05-47535</subfield>
      <subfield code="g">230</subfield>
      <subfield code="o">R(031) E561enci</subfield>
      <subfield code="e">Don. Flia. Celada, Amelia</subfield>
      <subfield code="8">CR</subfield>
      <subfield code="7">4</subfield>
    </datafield>
    <datafield tag="952" ind1=" " ind2=" ">
      <subfield code="a">BIB_RECT</subfield>
      <subfield code="b">BIB_UARG</subfield>
      <subfield code="d">2015-10-08</subfield>
      <subfield code="y">BK</subfield>
      <subfield code="p">05-47536</subfield>
      <subfield code="i">05-47536</subfield>
      <subfield code="g">230</subfield>
      <subfield code="o">R(031) E561enci</subfield>
      <subfield code="e">Don. Flia. Celada, Amelia</subfield>
      <subfield code="8">CR</subfield>
      <subfield code="7">4</subfield>
    </datafield>
    <datafield tag="952" ind1=" " ind2=" ">
      <subfield code="a">BIB_RECT</subfield>
      <subfield code="b">BIB_UARG</subfield>
      <subfield code="d">2015-10-08</subfield>
      <subfield code="y">BK</subfield>
      <subfield code="p">05-47537</subfield>
      <subfield code="i">05-47537</subfield>
      <subfield code="g">230</subfield>
      <subfield code="o">R(031) E561enci</subfield>
      <subfield code="e">Don. Flia. Celada, Amelia</subfield>
      <subfield code="8">CR</subfield>
      <subfield code="7">4</subfield>
    </datafield>
    <datafield tag="952" ind1=" " ind2=" ">
      <subfield code="a">BIB_RECT</subfield>
      <subfield code="b">BIB_UARG</subfield>
      <subfield code="d">2015-10-08</subfield>
      <subfield code="y">BK</subfield>
      <subfield code="p">05-47538</subfield>
      <subfield code="i">05-47538</subfield>
      <subfield code="g">230</subfield>
      <subfield code="o">R(031) E561enci</subfield>
      <subfield code="e">Don. Flia. Celada, Amelia</subfield>
      <subfield code="8">CR</subfield>
      <subfield code="7">4</subfield>
    </datafield>
    <datafield tag="952" ind1=" " ind2=" ">
      <subfield code="a">BIB_RECT</subfield>
      <subfield code="b">BIB_UARG</subfield>
      <subfield code="d">2015-10-08</subfield>
      <subfield code="y">BK</subfield>
      <subfield code="p">05-47539</subfield>
      <subfield code="i">05-47539</subfield>
      <subfield code="g">230</subfield>
      <subfield code="o">R(031) E561enci</subfield>
      <subfield code="e">Don. Flia. Celada, Amelia</subfield>
      <subfield code="8">CR</subfield>
      <subfield code="7">4</subfield>
    </datafield>
    <datafield tag="952" ind1=" " ind2=" ">
      <subfield code="a">BIB_RECT</subfield>
      <subfield code="b">BIB_UARG</subfield>
      <subfield code="d">2015-10-08</subfield>
      <subfield code="y">BK</subfield>
      <subfield code="p">05-47540</subfield>
      <subfield code="i">05-47540</subfield>
      <subfield code="g">230</subfield>
      <subfield code="o">R(031) E561enci</subfield>
      <subfield code="e">Don. Flia. Celada, Amelia</subfield>
      <subfield code="8">CR</subfield>
      <subfield code="7">4</subfield>
    </datafield>
    <datafield tag="952" ind1=" " ind2=" ">
      <subfield code="a">BIB_RECT</subfield>
      <subfield code="b">BIB_UARG</subfield>
      <subfield code="d">2015-10-08</subfield>
      <subfield code="y">BK</subfield>
      <subfield code="p">05-47541</subfield>
      <subfield code="i">05-47541</subfield>
      <subfield code="g">230</subfield>
      <subfield code="o">R(031) E561enci</subfield>
      <subfield code="e">Don. Flia. Celada, Amelia</subfield>
      <subfield code="8">CR</subfield>
      <subfield code="7">4</subfield>
    </datafield>
    <datafield tag="952" ind1=" " ind2=" ">
      <subfield code="a">BIB_RECT</subfield>
      <subfield code="b">BIB_UARG</subfield>
      <subfield code="d">2015-10-08</subfield>
      <subfield code="y">BK</subfield>
      <subfield code="p">05-47542</subfield>
      <subfield code="i">05-47542</subfield>
      <subfield code="g">230</subfield>
      <subfield code="o">R(031) E561enci</subfield>
      <subfield code="e">Don. Flia. Celada, Amelia</subfield>
      <subfield code="8">CR</subfield>
      <subfield code="7">4</subfield>
    </datafield>
    <datafield tag="952" ind1=" " ind2=" ">
      <subfield code="a">BIB_RECT</subfield>
      <subfield code="b">BIB_UARG</subfield>
      <subfield code="d">2015-10-08</subfield>
      <subfield code="y">BK</subfield>
      <subfield code="p">05-47543</subfield>
      <subfield code="i">05-47543</subfield>
      <subfield code="g">230</subfield>
      <subfield code="o">R(031) E561enci</subfield>
      <subfield code="e">Don. Flia. Celada, Amelia</subfield>
      <subfield code="8">CR</subfield>
      <subfield code="7">4</subfield>
    </datafield>
    <datafield tag="952" ind1=" " ind2=" ">
      <subfield code="a">BIB_RECT</subfield>
      <subfield code="b">BIB_UARG</subfield>
      <subfield code="d">2015-10-08</subfield>
      <subfield code="y">BK</subfield>
      <subfield code="p">05-47544</subfield>
      <subfield code="i">05-47544</subfield>
      <subfield code="g">230</subfield>
      <subfield code="o">R(031) E561enci</subfield>
      <subfield code="e">Don. Flia. Celada, Amelia</subfield>
      <subfield code="8">CR</subfield>
      <subfield code="7">4</subfield>
    </datafield>
    <datafield tag="952" ind1=" " ind2=" ">
      <subfield code="a">BIB_RECT</subfield>
      <subfield code="b">BIB_UARG</subfield>
      <subfield code="d">2015-10-08</subfield>
      <subfield code="y">BK</subfield>
      <subfield code="p">05-47545</subfield>
      <subfield code="i">05-47545</subfield>
      <subfield code="g">230</subfield>
      <subfield code="o">R(031) E561enci</subfield>
      <subfield code="e">Don. Flia. Celada, Amelia</subfield>
      <subfield code="8">CR</subfield>
      <subfield code="7">4</subfield>
    </datafield>
  </record>