
  <record>
    <leader>01000aam  22002601a 4500</leader>
    <controlfield tag="001">YPZ99841</controlfield>
    <controlfield tag="003">YPZ</controlfield>
    <controlfield tag="005">201512041718450</controlfield>
    <controlfield tag="008">151204|###########||||||b||||||||||spa|d</controlfield>
    <datafield tag="040" ind1=" " ind2=" ">
      <subfield code="c">SIUNPA</subfield>
    </datafield>
    <datafield tag="041" ind1=" " ind2=" ">
      <subfield code="a">spa</subfield>
    </datafield>
    <datafield tag="044" ind1=" " ind2=" ">
      <subfield code="a">AR</subfield>
    </datafield>
    <datafield tag="080" ind1=" " ind2=" ">
      <subfield code="a">82-34(082.21) C965c</subfield>
    </datafield>
    <datafield tag="100" ind1=" " ind2=" ">
      <subfield code="a">Joyce, James.</subfield>
    </datafield>
    <datafield tag="700" ind1=" " ind2=" ">
      <subfield code="a">Kafka, Franz.</subfield>
    </datafield>
    <datafield tag="700" ind1=" " ind2=" ">
      <subfield code="a">Lardner, Ring.</subfield>
    </datafield>
    <datafield tag="700" ind1=" " ind2=" ">
      <subfield code="a">Mansfield, Katherine.</subfield>
    </datafield>
    <datafield tag="700" ind1=" " ind2=" ">
      <subfield code="a">Akutagawa, Ryonosuke.</subfield>
    </datafield>
    <datafield tag="700" ind1=" " ind2=" ">
      <subfield code="a">Bábel, Isaac.</subfield>
    </datafield>
    <datafield tag="700" ind1=" " ind2=" ">
      <subfield code="a">Hemingway, Ernest.</subfield>
    </datafield>
    <datafield tag="700" ind1=" " ind2=" ">
      <subfield code="a">Caldwell, Erskine.</subfield>
    </datafield>
    <datafield tag="245" ind1=" " ind2=" ">
      <subfield code="a">Cuentos del siglo XX</subfield>
      <subfield code="c"> / Compañia General Fabril, tr. ; Editorial Emecé, tr. ; Editorial Losada, tr. ; Caralt, Luis de, tr.</subfield>
    </datafield>
    <datafield tag="260" ind1=" " ind2=" ">
      <subfield code="a">Buenos Aires</subfield>
      <subfield code="b"> : Centro Editor de América Latina</subfield>
      <subfield code="c"> , 1972</subfield>
    </datafield>
    <datafield tag="440" ind1=" " ind2=" ">
      <subfield code="a">Colección las dos carátulas</subfield>
      <subfield code="a">Colección Ciencias Sociales. Novedades</subfield>
      <subfield code="a">Colección Ciencias Sociales. Novedades</subfield>
      <subfield code="a">Colección Ciencias Sociales. Novedades</subfield>
      <subfield code="a">Colección Ciencias Sociales. Novedades</subfield>
      <subfield code="a">Colección Ciencias Sociales. Novedades</subfield>
      <subfield code="a">Biblioteca fundamental del hombre moderno</subfield>
      <subfield code="v">52</subfield>
    </datafield>
    <datafield tag="490" ind1=" " ind2=" ">
      <subfield code="a">Colección las dos carátulas</subfield>
      <subfield code="a">Colección Ciencias Sociales. Novedades</subfield>
      <subfield code="a">Colección Ciencias Sociales. Novedades</subfield>
      <subfield code="a">Colección Ciencias Sociales. Novedades</subfield>
      <subfield code="a">Colección Ciencias Sociales. Novedades</subfield>
      <subfield code="a">Colección Ciencias Sociales. Novedades</subfield>
      <subfield code="a">Biblioteca fundamental del hombre moderno</subfield>
      <subfield code="v">52</subfield>
    </datafield>
    <datafield tag="650" ind1=" " ind2=" ">
      <subfield code="a"> CUENTO</subfield>
    </datafield>
    <datafield tag="650" ind1=" " ind2=" ">
      <subfield code="a"> ANTOLOGIA</subfield>
    </datafield>
    <datafield tag="942" ind1=" " ind2=" ">
      <subfield code="c">BK</subfield>
    </datafield>
    <datafield tag="952" ind1=" " ind2=" ">
      <subfield code="a">BIB_RECT</subfield>
      <subfield code="b">BIB_UARG</subfield>
      <subfield code="d">2015-10-20</subfield>
      <subfield code="y">BK</subfield>
      <subfield code="p">05-47570</subfield>
      <subfield code="i">05-47570</subfield>
      <subfield code="g">90</subfield>
      <subfield code="o">82-34(082.21) C965c</subfield>
      <subfield code="e">Don. Flia. Celada</subfield>
      <subfield code="8">CG</subfield>
    </datafield>
  </record>