
  <record>
    <leader>01000aam  22002601a 4500</leader>
    <controlfield tag="001">YPZ99869</controlfield>
    <controlfield tag="003">YPZ</controlfield>
    <controlfield tag="005">201512151543590</controlfield>
    <controlfield tag="008">151215|###########||||||b||||||||||spa|d</controlfield>
    <datafield tag="040" ind1=" " ind2=" ">
      <subfield code="c">SIUNPA</subfield>
    </datafield>
    <datafield tag="041" ind1=" " ind2=" ">
      <subfield code="a">spa</subfield>
    </datafield>
    <datafield tag="044" ind1=" " ind2=" ">
      <subfield code="a">ES</subfield>
    </datafield>
    <datafield tag="080" ind1=" " ind2=" ">
      <subfield code="a">1 N677o4</subfield>
    </datafield>
    <datafield tag="100" ind1=" " ind2=" ">
      <subfield code="a">Nietzsche, Friedrich.</subfield>
    </datafield>
    <datafield tag="245" ind1=" " ind2=" ">
      <subfield code="a">El origen de la tragedia</subfield>
      <subfield code="c"> / Ovejero Mauri, Eduardo, tr.</subfield>
    </datafield>
    <datafield tag="250" ind1=" " ind2=" ">
      <subfield code="a">4a ed.</subfield>
    </datafield>
    <datafield tag="260" ind1=" " ind2=" ">
      <subfield code="a">Madrid</subfield>
      <subfield code="b"> : Espasa-Calpe</subfield>
      <subfield code="c"> , 1964</subfield>
    </datafield>
    <datafield tag="440" ind1=" " ind2=" ">
      <subfield code="a">Colección Ciencias Sociales. Novedades</subfield>
      <subfield code="a">Colección Ciencias Sociales. Novedades</subfield>
      <subfield code="a">Colección desarrollo social y sociedad</subfield>
      <subfield code="a">Colección Ciencias Sociales. Novedades</subfield>
      <subfield code="a">Colección Austral</subfield>
      <subfield code="v">356</subfield>
    </datafield>
    <datafield tag="490" ind1=" " ind2=" ">
      <subfield code="a">Colección Ciencias Sociales. Novedades</subfield>
      <subfield code="a">Colección Ciencias Sociales. Novedades</subfield>
      <subfield code="a">Colección desarrollo social y sociedad</subfield>
      <subfield code="a">Colección Ciencias Sociales. Novedades</subfield>
      <subfield code="a">Colección Austral</subfield>
      <subfield code="v">356</subfield>
    </datafield>
    <datafield tag="650" ind1=" " ind2=" ">
      <subfield code="a"> FILOSOFIA</subfield>
    </datafield>
    <datafield tag="650" ind1=" " ind2=" ">
      <subfield code="a"> HISTORIOGRAFIA GRIEGA</subfield>
    </datafield>
    <datafield tag="650" ind1=" " ind2=" ">
      <subfield code="a"> LITERATURA GRIEGA</subfield>
    </datafield>
    <datafield tag="942" ind1=" " ind2=" ">
      <subfield code="c">BK</subfield>
    </datafield>
    <datafield tag="952" ind1=" " ind2=" ">
      <subfield code="a">BIB_RECT</subfield>
      <subfield code="b">BIB_UARG</subfield>
      <subfield code="d">2015-10-20</subfield>
      <subfield code="y">BK</subfield>
      <subfield code="p">05-47572</subfield>
      <subfield code="i">05-47572</subfield>
      <subfield code="g">80</subfield>
      <subfield code="o">1 N677o4</subfield>
      <subfield code="e">Don. Flia. Celada</subfield>
      <subfield code="8">CG</subfield>
    </datafield>
  </record>