
  <record>
    <leader>01000aam  22002601a 4500</leader>
    <controlfield tag="001">YPZ99887</controlfield>
    <controlfield tag="003">YPZ</controlfield>
    <controlfield tag="005">201602111153500</controlfield>
    <controlfield tag="008">160211|###########||||||b||||||||||spa|d</controlfield>
    <datafield tag="020" ind1=" " ind2=" ">
      <subfield code="a">9789835438937</subfield>
    </datafield>
    <datafield tag="040" ind1=" " ind2=" ">
      <subfield code="c">SIUNPA</subfield>
    </datafield>
    <datafield tag="041" ind1=" " ind2=" ">
      <subfield code="a">spa</subfield>
    </datafield>
    <datafield tag="044" ind1=" " ind2=" ">
      <subfield code="a">AR</subfield>
    </datafield>
    <datafield tag="080" ind1=" " ind2=" ">
      <subfield code="a">512.64 V288s</subfield>
    </datafield>
    <datafield tag="100" ind1=" " ind2=" ">
      <subfield code="a">Varas, Cristina Viviana.</subfield>
    </datafield>
    <datafield tag="245" ind1=" " ind2=" ">
      <subfield code="a">Soluciones mediante TICs a ecuaciones lineales</subfield>
    </datafield>
    <datafield tag="250" ind1=" " ind2=" ">
      <subfield code="a">1a ed.</subfield>
    </datafield>
    <datafield tag="260" ind1=" " ind2=" ">
      <subfield code="a">Mar del Plata</subfield>
      <subfield code="b"> : Martin</subfield>
      <subfield code="c"> , 2015</subfield>
    </datafield>
    <datafield tag="650" ind1=" " ind2=" ">
      <subfield code="a"> ALGEBRA (MATEMATICAS)</subfield>
    </datafield>
    <datafield tag="650" ind1=" " ind2=" ">
      <subfield code="a"> ECUACIONES LINEALES</subfield>
    </datafield>
    <datafield tag="650" ind1=" " ind2=" ">
      <subfield code="a"> PROGRAMACION LINEAL</subfield>
    </datafield>
    <datafield tag="650" ind1=" " ind2=" ">
      <subfield code="a"> ALGEBRA LINEAL </subfield>
    </datafield>
    <datafield tag="650" ind1=" " ind2=" ">
      <subfield code="a"> GEOGEBRA</subfield>
    </datafield>
    <datafield tag="650" ind1=" " ind2=" ">
      <subfield code="a"> MATRICES (MATEMATICAS)</subfield>
    </datafield>
    <datafield tag="942" ind1=" " ind2=" ">
      <subfield code="c">BK</subfield>
    </datafield>
    <datafield tag="952" ind1=" " ind2=" ">
      <subfield code="a">BIB_RECT</subfield>
      <subfield code="b">BIB_UACO</subfield>
      <subfield code="d">2016-05-10</subfield>
      <subfield code="y">BK</subfield>
      <subfield code="p">02-47921</subfield>
      <subfield code="i">02-47921</subfield>
      <subfield code="g">130</subfield>
      <subfield code="o">512.64 V288s</subfield>
      <subfield code="e">Don. Villanova, Gabriela</subfield>
      <subfield code="8">CG</subfield>
    </datafield>
    <datafield tag="952" ind1=" " ind2=" ">
      <subfield code="a">BIB_RECT</subfield>
      <subfield code="b">BIB_UACO</subfield>
      <subfield code="d">2016-05-10</subfield>
      <subfield code="y">BK</subfield>
      <subfield code="p">02-47922</subfield>
      <subfield code="i">02-47922</subfield>
      <subfield code="g">130</subfield>
      <subfield code="o">512.64 V288s</subfield>
      <subfield code="e">Donación Villanova, Gabriela</subfield>
      <subfield code="8">CG</subfield>
    </datafield>
    <datafield tag="952" ind1=" " ind2=" ">
      <subfield code="a">BIB_RECT</subfield>
      <subfield code="b">BIB_UARG</subfield>
      <subfield code="d">2016-02-11</subfield>
      <subfield code="y">BK</subfield>
      <subfield code="p">04-47654</subfield>
      <subfield code="i">04-47654</subfield>
      <subfield code="g">150</subfield>
      <subfield code="o">512.64 V288s</subfield>
      <subfield code="e">Donación</subfield>
      <subfield code="8">CG</subfield>
    </datafield>
    <datafield tag="952" ind1=" " ind2=" ">
      <subfield code="a">BIB_RECT</subfield>
      <subfield code="b">BIB_UARG</subfield>
      <subfield code="d">2017-10-26</subfield>
      <subfield code="y">BK</subfield>
      <subfield code="p">05-49151</subfield>
      <subfield code="i">05-49151</subfield>
      <subfield code="g">240</subfield>
      <subfield code="o">512.64 V288s</subfield>
      <subfield code="e">Compra SIUNPA/17</subfield>
      <subfield code="8">CG</subfield>
    </datafield>
  </record>