
  <record>
    <leader>01000aam  22002601a 4500</leader>
    <controlfield tag="001">YPZ99895</controlfield>
    <controlfield tag="003">YPZ</controlfield>
    <controlfield tag="005">201602121629460</controlfield>
    <controlfield tag="008">160212|###########||||||b||||||||||spa|d</controlfield>
    <datafield tag="040" ind1=" " ind2=" ">
      <subfield code="c">SIUNPA</subfield>
    </datafield>
    <datafield tag="080" ind1=" " ind2=" ">
      <subfield code="a">821.134.2(82) O481g</subfield>
    </datafield>
    <datafield tag="100" ind1=" " ind2=" ">
      <subfield code="a">Olivari, Nicolás.</subfield>
    </datafield>
    <datafield tag="245" ind1=" " ind2=" ">
      <subfield code="a">El gato escaldado</subfield>
    </datafield>
    <datafield tag="260" ind1=" " ind2=" ">
      <subfield code="a">Buenos Aires</subfield>
      <subfield code="b"> : Centro Editor de América Latina</subfield>
      <subfield code="c"> , 1966</subfield>
    </datafield>
    <datafield tag="440" ind1=" " ind2=" ">
      <subfield code="a">La tierra entera</subfield>
      <subfield code="a">Los libros del mirasol</subfield>
      <subfield code="a">Biblioteca Marcos Aguinis</subfield>
      <subfield code="a">Biblioteca Marcos Aguinis</subfield>
      <subfield code="a">Colección el espejo</subfield>
      <subfield code="a">Serie del encuentro</subfield>
      <subfield code="v">12</subfield>
    </datafield>
    <datafield tag="490" ind1=" " ind2=" ">
      <subfield code="a">La tierra entera</subfield>
      <subfield code="a">Los libros del mirasol</subfield>
      <subfield code="a">Biblioteca Marcos Aguinis</subfield>
      <subfield code="a">Biblioteca Marcos Aguinis</subfield>
      <subfield code="a">Colección el espejo</subfield>
      <subfield code="a">Serie del encuentro</subfield>
      <subfield code="v">12</subfield>
    </datafield>
    <datafield tag="650" ind1=" " ind2=" ">
      <subfield code="a"> LITERATURA ARGENTINA</subfield>
    </datafield>
    <datafield tag="650" ind1=" " ind2=" ">
      <subfield code="a"> POESIA</subfield>
    </datafield>
    <datafield tag="942" ind1=" " ind2=" ">
      <subfield code="c">BK</subfield>
    </datafield>
    <datafield tag="952" ind1=" " ind2=" ">
      <subfield code="a">BIB_RECT</subfield>
      <subfield code="b">BIB_UARG</subfield>
      <subfield code="d">2016-02-10</subfield>
      <subfield code="y">BK</subfield>
      <subfield code="p">05-47625</subfield>
      <subfield code="i">05-47625</subfield>
      <subfield code="g">60</subfield>
      <subfield code="o">821.134.2(82) O481g</subfield>
      <subfield code="e">Donación Flia. Celada</subfield>
      <subfield code="8">CG</subfield>
    </datafield>
  </record>