
  <record>
    <leader>01000aam  22002601a 4500</leader>
    <controlfield tag="001">YPZ99963</controlfield>
    <controlfield tag="003">YPZ</controlfield>
    <controlfield tag="005">201603170956550</controlfield>
    <controlfield tag="008">160317|###########||||||b||||||||||spa|d</controlfield>
    <datafield tag="040" ind1=" " ind2=" ">
      <subfield code="c">SIUNPA</subfield>
    </datafield>
    <datafield tag="041" ind1=" " ind2=" ">
      <subfield code="a">spa</subfield>
    </datafield>
    <datafield tag="044" ind1=" " ind2=" ">
      <subfield code="a">AR</subfield>
    </datafield>
    <datafield tag="080" ind1=" " ind2=" ">
      <subfield code="a">342.7-055.2 M953m</subfield>
    </datafield>
    <datafield tag="110" ind1=" " ind2=" ">
      <subfield code="a">Asamblea Permanente por los Derechos Humanos (Argentina). Comisión la Mujer y sus Derechos.</subfield>
    </datafield>
    <datafield tag="245" ind1=" " ind2=" ">
      <subfield code="a">La mujer y sus derechos</subfield>
      <subfield code="b"> : guía práctica</subfield>
      <subfield code="c"> / Pérez Gallart, Susana, ed. ; Finkelstein, Ana, colab. ed. ; Sappia, María Florencia, colab. ed.</subfield>
    </datafield>
    <datafield tag="260" ind1=" " ind2=" ">
      <subfield code="a">Buenos Aires</subfield>
      <subfield code="b"> : Asamblea Permanente por los Derechos Humanos</subfield>
      <subfield code="c"> , 2003</subfield>
    </datafield>
    <datafield tag="650" ind1=" " ind2=" ">
      <subfield code="a"> DERECHOS HUMANOS</subfield>
    </datafield>
    <datafield tag="650" ind1=" " ind2=" ">
      <subfield code="a"> DERECHOS DE LA MUJER</subfield>
    </datafield>
    <datafield tag="650" ind1=" " ind2=" ">
      <subfield code="a"> VIOLENCIA FAMILIAR</subfield>
    </datafield>
    <datafield tag="650" ind1=" " ind2=" ">
      <subfield code="a"> ESTUDIOS DE GENERO</subfield>
    </datafield>
    <datafield tag="650" ind1=" " ind2=" ">
      <subfield code="a"> AMERICA LATINA</subfield>
    </datafield>
    <datafield tag="942" ind1=" " ind2=" ">
      <subfield code="c">BK</subfield>
    </datafield>
    <datafield tag="952" ind1=" " ind2=" ">
      <subfield code="a">BIB_RECT</subfield>
      <subfield code="b">BIB_UASJ</subfield>
      <subfield code="d">2016-03-11</subfield>
      <subfield code="y">BK</subfield>
      <subfield code="p">04-33264</subfield>
      <subfield code="i">04-33264</subfield>
      <subfield code="g">80</subfield>
      <subfield code="o">342.7-055.2 M953m</subfield>
      <subfield code="e">Donación</subfield>
      <subfield code="8">CG</subfield>
    </datafield>
    <datafield tag="952" ind1=" " ind2=" ">
      <subfield code="a">BIB_RECT</subfield>
      <subfield code="b">BIB_UASJ</subfield>
      <subfield code="d">2016-03-11</subfield>
      <subfield code="y">BK</subfield>
      <subfield code="p">04-33265</subfield>
      <subfield code="i">04-33265</subfield>
      <subfield code="g">80</subfield>
      <subfield code="o">342.7-055.2 M953m</subfield>
      <subfield code="e">Donación</subfield>
      <subfield code="8">CG</subfield>
    </datafield>
    <datafield tag="952" ind1=" " ind2=" ">
      <subfield code="a">BIB_RECT</subfield>
      <subfield code="b">BIB_UASJ</subfield>
      <subfield code="d">2016-03-11</subfield>
      <subfield code="y">BK</subfield>
      <subfield code="p">04-33266</subfield>
      <subfield code="i">04-33266</subfield>
      <subfield code="g">80</subfield>
      <subfield code="o">342.7-055.2 M953m</subfield>
      <subfield code="e">Donación</subfield>
      <subfield code="8">CG</subfield>
    </datafield>
    <datafield tag="952" ind1=" " ind2=" ">
      <subfield code="a">BIB_RECT</subfield>
      <subfield code="b">BIB_UASJ</subfield>
      <subfield code="d">2016-03-11</subfield>
      <subfield code="y">BK</subfield>
      <subfield code="p">04-44891</subfield>
      <subfield code="i">04-44891</subfield>
      <subfield code="g">80</subfield>
      <subfield code="o">342.7-055.2 M953m</subfield>
      <subfield code="e">Canje y donación</subfield>
      <subfield code="8">CG</subfield>
    </datafield>
    <datafield tag="952" ind1=" " ind2=" ">
      <subfield code="a">BIB_RECT</subfield>
      <subfield code="b">BIB_UASJ</subfield>
      <subfield code="d">2016-03-11</subfield>
      <subfield code="y">BK</subfield>
      <subfield code="p">04-44892</subfield>
      <subfield code="i">04-44892</subfield>
      <subfield code="g">80</subfield>
      <subfield code="o">342.7-055.2 M953m</subfield>
      <subfield code="e">Canje y donación</subfield>
      <subfield code="8">CG</subfield>
    </datafield>
    <datafield tag="952" ind1=" " ind2=" ">
      <subfield code="a">BIB_RECT</subfield>
      <subfield code="b">BIB_UASJ</subfield>
      <subfield code="d">2016-03-11</subfield>
      <subfield code="y">BK</subfield>
      <subfield code="p">04-44893</subfield>
      <subfield code="i">04-44893</subfield>
      <subfield code="g">80</subfield>
      <subfield code="o">342.7-055.2 M953m</subfield>
      <subfield code="e">Canje y donación</subfield>
      <subfield code="8">CG</subfield>
    </datafield>
    <datafield tag="952" ind1=" " ind2=" ">
      <subfield code="a">BIB_RECT</subfield>
      <subfield code="b">BIB_UARG</subfield>
      <subfield code="d">2016-03-11</subfield>
      <subfield code="y">BK</subfield>
      <subfield code="p">05-31016</subfield>
      <subfield code="i">05-31016</subfield>
      <subfield code="g">80</subfield>
      <subfield code="o">342.7-055.2 M953m</subfield>
      <subfield code="e">ACU 127/06</subfield>
      <subfield code="8">CG</subfield>
    </datafield>
    <datafield tag="952" ind1=" " ind2=" ">
      <subfield code="a">BIB_RECT</subfield>
      <subfield code="b">BIB_UARG</subfield>
      <subfield code="d">2016-03-11</subfield>
      <subfield code="y">BK</subfield>
      <subfield code="p">05-31017</subfield>
      <subfield code="i">05-31017</subfield>
      <subfield code="g">80</subfield>
      <subfield code="o">342.7-055.2 M953m</subfield>
      <subfield code="e">ACU 127/06</subfield>
      <subfield code="8">CG</subfield>
    </datafield>
    <datafield tag="952" ind1=" " ind2=" ">
      <subfield code="a">BIB_RECT</subfield>
      <subfield code="b">BIB_UARG</subfield>
      <subfield code="d">2016-03-11</subfield>
      <subfield code="y">BK</subfield>
      <subfield code="p">05-44894</subfield>
      <subfield code="i">05-44894</subfield>
      <subfield code="g">80</subfield>
      <subfield code="o">342.7-055.2 M953m</subfield>
      <subfield code="e">ACU 127/06</subfield>
      <subfield code="8">CG</subfield>
    </datafield>
    <datafield tag="952" ind1=" " ind2=" ">
      <subfield code="a">BIB_RECT</subfield>
      <subfield code="b">BIB_UARG</subfield>
      <subfield code="d">2016-03-11</subfield>
      <subfield code="y">BK</subfield>
      <subfield code="p">05-44895</subfield>
      <subfield code="i">05-44895</subfield>
      <subfield code="g">80</subfield>
      <subfield code="o">342.7-055.2 M953m</subfield>
      <subfield code="e">Canje y donación</subfield>
      <subfield code="8">CG</subfield>
    </datafield>
    <datafield tag="952" ind1=" " ind2=" ">
      <subfield code="a">BIB_RECT</subfield>
      <subfield code="b">BIB_UARG</subfield>
      <subfield code="d">2016-03-11</subfield>
      <subfield code="y">BK</subfield>
      <subfield code="p">05-44896</subfield>
      <subfield code="i">05-44896</subfield>
      <subfield code="g">80</subfield>
      <subfield code="o">342.7-055.2 M953m</subfield>
      <subfield code="e">Canje y donación</subfield>
      <subfield code="8">CG</subfield>
    </datafield>
    <datafield tag="952" ind1=" " ind2=" ">
      <subfield code="a">BIB_RECT</subfield>
      <subfield code="b">BIB_UARG</subfield>
      <subfield code="d">2016-03-11</subfield>
      <subfield code="y">BK</subfield>
      <subfield code="p">05-44897</subfield>
      <subfield code="i">05-44897</subfield>
      <subfield code="g">80</subfield>
      <subfield code="o">342.7-055.2 M953m</subfield>
      <subfield code="e">Canje y donación</subfield>
      <subfield code="8">CG</subfield>
    </datafield>
    <datafield tag="952" ind1=" " ind2=" ">
      <subfield code="a">BIB_RECT</subfield>
      <subfield code="b">BIB_UARG</subfield>
      <subfield code="d">2016-03-11</subfield>
      <subfield code="y">BK</subfield>
      <subfield code="p">05-44898</subfield>
      <subfield code="i">05-44898</subfield>
      <subfield code="g">80</subfield>
      <subfield code="o">342.7-055.2 M953m</subfield>
      <subfield code="e">Canje y donación</subfield>
      <subfield code="8">CG</subfield>
    </datafield>
  </record>