
  <record>
    <leader>01000aam  22002601a 4500</leader>
    <controlfield tag="001">YPZ99971</controlfield>
    <controlfield tag="003">YPZ</controlfield>
    <controlfield tag="005">201603221421090</controlfield>
    <controlfield tag="008">160322|###########||||||b||||||||||spa|d</controlfield>
    <datafield tag="020" ind1=" " ind2=" ">
      <subfield code="a">9789873806285</subfield>
    </datafield>
    <datafield tag="040" ind1=" " ind2=" ">
      <subfield code="c">SIUNPA</subfield>
    </datafield>
    <datafield tag="041" ind1=" " ind2=" ">
      <subfield code="a">spa</subfield>
    </datafield>
    <datafield tag="044" ind1=" " ind2=" ">
      <subfield code="a">AR</subfield>
    </datafield>
    <datafield tag="080" ind1=" " ind2=" ">
      <subfield code="a">654.19 R129r</subfield>
    </datafield>
    <datafield tag="245" ind1=" " ind2=" ">
      <subfield code="a">Radios universitarias argentinas</subfield>
      <subfield code="b"> : una red pública y federal para ejercer el derecho a la comunicación</subfield>
      <subfield code="c"> / Bosetti, Oscar E., coord. ; Haye, Ricardo, coord.</subfield>
    </datafield>
    <datafield tag="260" ind1=" " ind2=" ">
      <subfield code="a">San Justo, Buenos Aires</subfield>
      <subfield code="b"> : Universidad Nacional de la Matanza, UNLaM</subfield>
      <subfield code="c"> , 2015</subfield>
    </datafield>
    <datafield tag="440" ind1=" " ind2=" ">
      <subfield code="a">Serie la radio del nuevo siglo</subfield>
      <subfield code="v">1</subfield>
    </datafield>
    <datafield tag="490" ind1=" " ind2=" ">
      <subfield code="a">Serie la radio del nuevo siglo</subfield>
      <subfield code="v">1</subfield>
    </datafield>
    <datafield tag="650" ind1=" " ind2=" ">
      <subfield code="a"> RADIOS UNIVERSITARIAS</subfield>
    </datafield>
    <datafield tag="650" ind1=" " ind2=" ">
      <subfield code="a"> ARGENTINA</subfield>
    </datafield>
    <datafield tag="942" ind1=" " ind2=" ">
      <subfield code="c">BK</subfield>
    </datafield>
    <datafield tag="952" ind1=" " ind2=" ">
      <subfield code="a">BIB_RECT</subfield>
      <subfield code="b">BIB_UARG</subfield>
      <subfield code="d">2016-03-22</subfield>
      <subfield code="y">BK</subfield>
      <subfield code="p">05-47725</subfield>
      <subfield code="i">05-47725</subfield>
      <subfield code="g">140</subfield>
      <subfield code="o">654.19 R129r</subfield>
      <subfield code="e">Acuer. 600/15</subfield>
      <subfield code="8">CG</subfield>
    </datafield>
  </record>