
  <record>
    <leader>01000aam  22002601a 4500</leader>
    <controlfield tag="001">YPZ99977</controlfield>
    <controlfield tag="003">YPZ</controlfield>
    <controlfield tag="005">201603311057150</controlfield>
    <controlfield tag="008">160331|###########||||||b||||||||||spa|d</controlfield>
    <datafield tag="020" ind1=" " ind2=" ">
      <subfield code="a">9789506583392</subfield>
    </datafield>
    <datafield tag="040" ind1=" " ind2=" ">
      <subfield code="c">SIUNPA</subfield>
    </datafield>
    <datafield tag="041" ind1=" " ind2=" ">
      <subfield code="a">spa</subfield>
    </datafield>
    <datafield tag="044" ind1=" " ind2=" ">
      <subfield code="a">AR</subfield>
    </datafield>
    <datafield tag="080" ind1=" " ind2=" ">
      <subfield code="a">339.9 T327t</subfield>
    </datafield>
    <datafield tag="100" ind1=" " ind2=" ">
      <subfield code="a">Fernández Equiza, Ana María.</subfield>
    </datafield>
    <datafield tag="700" ind1=" " ind2=" ">
      <subfield code="a">Bisaggio Soares, Claudia Lucía.</subfield>
    </datafield>
    <datafield tag="700" ind1=" " ind2=" ">
      <subfield code="a">Frechero, Jorge Ignacio.</subfield>
    </datafield>
    <datafield tag="700" ind1=" " ind2=" ">
      <subfield code="a">Estrada, Victoria de.</subfield>
    </datafield>
    <datafield tag="700" ind1=" " ind2=" ">
      <subfield code="a">Álvarez, Álvaro.</subfield>
    </datafield>
    <datafield tag="700" ind1=" " ind2=" ">
      <subfield code="a">Awe Luca, María Paula.</subfield>
    </datafield>
    <datafield tag="700" ind1=" " ind2=" ">
      <subfield code="a">Delavanso, Diego.</subfield>
    </datafield>
    <datafield tag="700" ind1=" " ind2=" ">
      <subfield code="a">Toledo López, Virginia.</subfield>
    </datafield>
    <datafield tag="245" ind1=" " ind2=" ">
      <subfield code="a">Territorios, economía internacional y conflictos socioambientales</subfield>
      <subfield code="c"> / Fernández Equiza, Ana María, comp.</subfield>
    </datafield>
    <datafield tag="260" ind1=" " ind2=" ">
      <subfield code="a">Tandil</subfield>
      <subfield code="b"> : Centro de Investigaciones Geográficas, CIG</subfield>
      <subfield code="b"> : Instituto de Geografía, Historia y Ciencias Sociales, IGEHCS</subfield>
      <subfield code="b"> : Unidad Ejecutora del Consejo Nacional de Investigaciones Científicas y Técnicas, CONICET</subfield>
      <subfield code="b"> : Universidad Nacional del Centro de la Provincia de Buenos Aires, UNCPBA</subfield>
      <subfield code="b"> : Red de Editoriales de las Universidades Nacionales</subfield>
      <subfield code="c"> , 2013</subfield>
    </datafield>
    <datafield tag="650" ind1=" " ind2=" ">
      <subfield code="a"> ECONOMIA INTERNACIONAL</subfield>
    </datafield>
    <datafield tag="650" ind1=" " ind2=" ">
      <subfield code="a"> DESARROLLO ECONOMICO Y SOCIAL</subfield>
    </datafield>
    <datafield tag="942" ind1=" " ind2=" ">
      <subfield code="c">BK</subfield>
    </datafield>
    <datafield tag="952" ind1=" " ind2=" ">
      <subfield code="a">BIB_RECT</subfield>
      <subfield code="b">BIB_UARG</subfield>
      <subfield code="d">2016-03-31</subfield>
      <subfield code="y">BK</subfield>
      <subfield code="p">05-47719</subfield>
      <subfield code="i">05-47719</subfield>
      <subfield code="g">260</subfield>
      <subfield code="o">339.9 T327t</subfield>
      <subfield code="e">Donación</subfield>
      <subfield code="8">CG</subfield>
    </datafield>
    <datafield tag="952" ind1=" " ind2=" ">
      <subfield code="a">BIB_RECT</subfield>
      <subfield code="b">BIB_UARG</subfield>
      <subfield code="d">2016-03-31</subfield>
      <subfield code="y">BK</subfield>
      <subfield code="p">05-47720</subfield>
      <subfield code="i">05-47720</subfield>
      <subfield code="g">260</subfield>
      <subfield code="o">339.9 T327t</subfield>
      <subfield code="e">Donación</subfield>
      <subfield code="8">CG</subfield>
    </datafield>
  </record>