
  <record>
    <leader>01000aam  22002601a 4500</leader>
    <controlfield tag="001">YPZ99979</controlfield>
    <controlfield tag="003">YPZ</controlfield>
    <controlfield tag="005">201603311257470</controlfield>
    <controlfield tag="008">160331|###########||||||b||||||||||spa|d</controlfield>
    <datafield tag="020" ind1=" " ind2=" ">
      <subfield code="a">9789874543912</subfield>
    </datafield>
    <datafield tag="040" ind1=" " ind2=" ">
      <subfield code="c">SIUNPA</subfield>
    </datafield>
    <datafield tag="041" ind1=" " ind2=" ">
      <subfield code="a">spa</subfield>
    </datafield>
    <datafield tag="044" ind1=" " ind2=" ">
      <subfield code="a">AR</subfield>
    </datafield>
    <datafield tag="080" ind1=" " ind2=" ">
      <subfield code="a">271.024 N322d</subfield>
    </datafield>
    <datafield tag="100" ind1=" " ind2=" ">
      <subfield code="a">Navarro, Sergio Augusto.</subfield>
    </datafield>
    <datafield tag="245" ind1=" " ind2=" ">
      <subfield code="a">El (des)interés solidario en una comunidad religiosa</subfield>
      <subfield code="b"> : posibilidades del voluntariado social a través del banco de los pobres en una parroquia mercedaria</subfield>
    </datafield>
    <datafield tag="260" ind1=" " ind2=" ">
      <subfield code="a">Buenos Aires</subfield>
      <subfield code="b"> : Orden de la Bienaventurada Virgen María de la Merced</subfield>
      <subfield code="c"> , 2014</subfield>
    </datafield>
    <datafield tag="440" ind1=" " ind2=" ">
      <subfield code="a">Colección PRO REDEMPTIONE</subfield>
      <subfield code="v">2</subfield>
    </datafield>
    <datafield tag="490" ind1=" " ind2=" ">
      <subfield code="a">Colección PRO REDEMPTIONE</subfield>
      <subfield code="v">2</subfield>
    </datafield>
    <datafield tag="650" ind1=" " ind2=" ">
      <subfield code="a"> ORDENES MILITARES</subfield>
    </datafield>
    <datafield tag="650" ind1=" " ind2=" ">
      <subfield code="a"> VOLUNTARIADO</subfield>
    </datafield>
    <datafield tag="942" ind1=" " ind2=" ">
      <subfield code="c">BK</subfield>
    </datafield>
    <datafield tag="952" ind1=" " ind2=" ">
      <subfield code="a">BIB_RECT</subfield>
      <subfield code="b">BIB_UARG</subfield>
      <subfield code="d">2016-03-31</subfield>
      <subfield code="y">BK</subfield>
      <subfield code="p">05-47724</subfield>
      <subfield code="i">05-47724</subfield>
      <subfield code="g">230</subfield>
      <subfield code="o">271.024 N322d</subfield>
      <subfield code="e">Acuerdo 444/15</subfield>
      <subfield code="8">CG</subfield>
    </datafield>
  </record>