
  <record>
    <leader>01000aam  22002601a 4500</leader>
    <controlfield tag="001">YPZ99994</controlfield>
    <controlfield tag="003">YPZ</controlfield>
    <controlfield tag="005">201604061024570</controlfield>
    <controlfield tag="008">160406|###########||||||b||||||||||spa|d</controlfield>
    <datafield tag="020" ind1=" " ind2=" ">
      <subfield code="a">8420758027</subfield>
    </datafield>
    <datafield tag="040" ind1=" " ind2=" ">
      <subfield code="c">SIUNPA</subfield>
    </datafield>
    <datafield tag="041" ind1=" " ind2=" ">
      <subfield code="a">spa</subfield>
    </datafield>
    <datafield tag="044" ind1=" " ind2=" ">
      <subfield code="a">ES</subfield>
    </datafield>
    <datafield tag="080" ind1=" " ind2=" ">
      <subfield code="a">51(075) M425ma 2</subfield>
    </datafield>
    <datafield tag="100" ind1=" " ind2=" ">
      <subfield code="a">Colera Jiménez, José.</subfield>
    </datafield>
    <datafield tag="700" ind1=" " ind2=" ">
      <subfield code="a">Guzmán Ozamiz, Miguel de.</subfield>
    </datafield>
    <datafield tag="700" ind1=" " ind2=" ">
      <subfield code="a">Bas, María del Carmen.</subfield>
    </datafield>
    <datafield tag="700" ind1=" " ind2=" ">
      <subfield code="a">Gaztelu, Ignacio.</subfield>
    </datafield>
    <datafield tag="700" ind1=" " ind2=" ">
      <subfield code="a">Oliveira, María José.</subfield>
    </datafield>
    <datafield tag="245" ind1=" " ind2=" ">
      <subfield code="a">Matemáticas 2</subfield>
      <subfield code="c"> / Sánchez Ludueña, Enrique, ed. ; Vázquez, Ángela, auxiliar de ed. ; Vázquez, Pablo, il.</subfield>
    </datafield>
    <datafield tag="260" ind1=" " ind2=" ">
      <subfield code="a">Madrid</subfield>
      <subfield code="b"> : Anaya</subfield>
      <subfield code="c"> , 1997</subfield>
    </datafield>
    <datafield tag="500" ind1=" " ind2=" ">
      <subfield code="a">Título de partida: Bachillerato</subfield>
    </datafield>
    <datafield tag="500" ind1=" " ind2=" ">
      <subfield code="a">El libro corresponde al segundo curso de Bachillerato</subfield>
    </datafield>
    <datafield tag="650" ind1=" " ind2=" ">
      <subfield code="a"> MATEMATICAS (SECUNDARIA)</subfield>
    </datafield>
    <datafield tag="650" ind1=" " ind2=" ">
      <subfield code="a"> ENSEÑANZA DE LAS MATEMATICAS</subfield>
    </datafield>
    <datafield tag="650" ind1=" " ind2=" ">
      <subfield code="a"> POLIMODAL</subfield>
    </datafield>
    <datafield tag="650" ind1=" " ind2=" ">
      <subfield code="a"> EJERCICIOS</subfield>
    </datafield>
    <datafield tag="650" ind1=" " ind2=" ">
      <subfield code="a"> LIBROS DE TEXTO</subfield>
    </datafield>
    <datafield tag="942" ind1=" " ind2=" ">
      <subfield code="c">BK</subfield>
    </datafield>
    <datafield tag="952" ind1=" " ind2=" ">
      <subfield code="a">BIB_RECT</subfield>
      <subfield code="b">BIB_UARG</subfield>
      <subfield code="d">2016-04-06</subfield>
      <subfield code="y">BK</subfield>
      <subfield code="p">05-11131</subfield>
      <subfield code="i">05-11131</subfield>
      <subfield code="g">180</subfield>
      <subfield code="o">51(075) M425ma 2</subfield>
      <subfield code="e">Migracion UARG</subfield>
      <subfield code="8">CG</subfield>
    </datafield>
    <datafield tag="952" ind1=" " ind2=" ">
      <subfield code="a">BIB_RECT</subfield>
      <subfield code="b">BIB_UARG</subfield>
      <subfield code="d">2016-04-06</subfield>
      <subfield code="y">BK</subfield>
      <subfield code="p">05-11132</subfield>
      <subfield code="i">05-11132</subfield>
      <subfield code="g">180</subfield>
      <subfield code="o">51(075) M425ma 2</subfield>
      <subfield code="e">Migracion UARG</subfield>
      <subfield code="8">CG</subfield>
    </datafield>
    <datafield tag="952" ind1=" " ind2=" ">
      <subfield code="a">BIB_RECT</subfield>
      <subfield code="b">BIB_UARG</subfield>
      <subfield code="d">2016-04-06</subfield>
      <subfield code="y">BK</subfield>
      <subfield code="p">05-11133</subfield>
      <subfield code="i">05-11133</subfield>
      <subfield code="g">180</subfield>
      <subfield code="o">51(075) M425ma 2</subfield>
      <subfield code="e">Migracion UARG</subfield>
      <subfield code="8">CG</subfield>
    </datafield>
    <datafield tag="952" ind1=" " ind2=" ">
      <subfield code="a">BIB_RECT</subfield>
      <subfield code="b">BIB_UARG</subfield>
      <subfield code="d">2016-04-06</subfield>
      <subfield code="y">BK</subfield>
      <subfield code="p">05-11134</subfield>
      <subfield code="i">05-11134</subfield>
      <subfield code="g">180</subfield>
      <subfield code="o">51(075) M425ma 2</subfield>
      <subfield code="e">Migracion UARG</subfield>
      <subfield code="8">CG</subfield>
    </datafield>
    <datafield tag="952" ind1=" " ind2=" ">
      <subfield code="a">BIB_RECT</subfield>
      <subfield code="b">BIB_UARG</subfield>
      <subfield code="d">2016-04-06</subfield>
      <subfield code="y">BK</subfield>
      <subfield code="p">05-11135</subfield>
      <subfield code="i">05-11135</subfield>
      <subfield code="g">180</subfield>
      <subfield code="o">51(075) M425ma 2</subfield>
      <subfield code="e">FOMEC 585</subfield>
      <subfield code="8">CG</subfield>
    </datafield>
    <datafield tag="952" ind1=" " ind2=" ">
      <subfield code="a">BIB_RECT</subfield>
      <subfield code="b">BIB_UARG</subfield>
      <subfield code="d">2016-04-06</subfield>
      <subfield code="y">BK</subfield>
      <subfield code="p">05-11136</subfield>
      <subfield code="i">05-11136</subfield>
      <subfield code="g">180</subfield>
      <subfield code="o">51(075) M425ma 2</subfield>
      <subfield code="e">Migracion UARG</subfield>
      <subfield code="8">CG</subfield>
    </datafield>
    <datafield tag="952" ind1=" " ind2=" ">
      <subfield code="a">BIB_RECT</subfield>
      <subfield code="b">BIB_UARG</subfield>
      <subfield code="d">2016-04-06</subfield>
      <subfield code="y">BK</subfield>
      <subfield code="p">05-11137</subfield>
      <subfield code="i">05-11137</subfield>
      <subfield code="g">180</subfield>
      <subfield code="o">51(075) M425ma 2</subfield>
      <subfield code="e">Migracion UARG</subfield>
      <subfield code="8">CG</subfield>
    </datafield>
    <datafield tag="952" ind1=" " ind2=" ">
      <subfield code="a">BIB_RECT</subfield>
      <subfield code="b">BIB_UARG</subfield>
      <subfield code="d">2016-04-06</subfield>
      <subfield code="y">BK</subfield>
      <subfield code="p">05-11138</subfield>
      <subfield code="i">05-11138</subfield>
      <subfield code="g">180</subfield>
      <subfield code="o">51(075) M425ma 2</subfield>
      <subfield code="e">Migracion UARG</subfield>
      <subfield code="8">CG</subfield>
    </datafield>
    <datafield tag="952" ind1=" " ind2=" ">
      <subfield code="a">BIB_RECT</subfield>
      <subfield code="b">BIB_UARG</subfield>
      <subfield code="d">2016-04-06</subfield>
      <subfield code="y">BK</subfield>
      <subfield code="p">05-11139</subfield>
      <subfield code="i">05-11139</subfield>
      <subfield code="g">180</subfield>
      <subfield code="o">51(075) M425ma 2</subfield>
      <subfield code="e">Migracion UARG</subfield>
      <subfield code="8">CG</subfield>
    </datafield>
    <datafield tag="952" ind1=" " ind2=" ">
      <subfield code="a">BIB_RECT</subfield>
      <subfield code="b">BIB_UARG</subfield>
      <subfield code="d">2016-04-06</subfield>
      <subfield code="y">BK</subfield>
      <subfield code="p">05-11140</subfield>
      <subfield code="i">05-11140</subfield>
      <subfield code="g">180</subfield>
      <subfield code="o">51(075) M425ma 2</subfield>
      <subfield code="e">Migracion UARG</subfield>
      <subfield code="8">CG</subfield>
    </datafield>
    <datafield tag="952" ind1=" " ind2=" ">
      <subfield code="a">BIB_RECT</subfield>
      <subfield code="b">BIB_UARG</subfield>
      <subfield code="d">2016-04-06</subfield>
      <subfield code="y">BK</subfield>
      <subfield code="p">05-11141</subfield>
      <subfield code="i">05-11141</subfield>
      <subfield code="g">180</subfield>
      <subfield code="o">51(075) M425ma 2</subfield>
      <subfield code="e">Migracion UARG</subfield>
      <subfield code="8">CG</subfield>
    </datafield>
    <datafield tag="952" ind1=" " ind2=" ">
      <subfield code="a">BIB_RECT</subfield>
      <subfield code="b">BIB_UARG</subfield>
      <subfield code="d">2016-04-06</subfield>
      <subfield code="y">BK</subfield>
      <subfield code="p">05-11142</subfield>
      <subfield code="i">05-11142</subfield>
      <subfield code="g">180</subfield>
      <subfield code="o">51(075) M425ma 2</subfield>
      <subfield code="e">Migracion UARG</subfield>
      <subfield code="8">CG</subfield>
    </datafield>
    <datafield tag="952" ind1=" " ind2=" ">
      <subfield code="a">BIB_RECT</subfield>
      <subfield code="b">BIB_UARG</subfield>
      <subfield code="d">2016-04-06</subfield>
      <subfield code="y">BK</subfield>
      <subfield code="p">05-11145</subfield>
      <subfield code="i">05-11145</subfield>
      <subfield code="g">180</subfield>
      <subfield code="o">51(075) M425ma 2</subfield>
      <subfield code="e">Migracion UARG</subfield>
      <subfield code="8">CG</subfield>
    </datafield>
    <datafield tag="952" ind1=" " ind2=" ">
      <subfield code="a">BIB_RECT</subfield>
      <subfield code="b">BIB_UARG</subfield>
      <subfield code="d">2016-04-06</subfield>
      <subfield code="y">BK</subfield>
      <subfield code="p">05-11146</subfield>
      <subfield code="i">05-11146</subfield>
      <subfield code="g">180</subfield>
      <subfield code="o">51(075) M425ma 2</subfield>
      <subfield code="e">Migracion UARG</subfield>
      <subfield code="8">CG</subfield>
    </datafield>
    <datafield tag="952" ind1=" " ind2=" ">
      <subfield code="a">BIB_RECT</subfield>
      <subfield code="b">BIB_UARG</subfield>
      <subfield code="d">2016-04-06</subfield>
      <subfield code="y">BK</subfield>
      <subfield code="p">05-11147</subfield>
      <subfield code="i">05-11147</subfield>
      <subfield code="g">180</subfield>
      <subfield code="o">51(075) M425ma 2</subfield>
      <subfield code="e">Migracion UARG</subfield>
      <subfield code="8">CG</subfield>
    </datafield>
    <datafield tag="952" ind1=" " ind2=" ">
      <subfield code="a">BIB_RECT</subfield>
      <subfield code="b">BIB_UARG</subfield>
      <subfield code="d">2016-04-06</subfield>
      <subfield code="y">BK</subfield>
      <subfield code="p">05-11148</subfield>
      <subfield code="i">05-11148</subfield>
      <subfield code="g">180</subfield>
      <subfield code="o">51(075) M425ma 2</subfield>
      <subfield code="e">Migracion UARG</subfield>
      <subfield code="8">CG</subfield>
    </datafield>
    <datafield tag="952" ind1=" " ind2=" ">
      <subfield code="a">BIB_RECT</subfield>
      <subfield code="b">BIB_UARG</subfield>
      <subfield code="d">2016-04-06</subfield>
      <subfield code="y">BK</subfield>
      <subfield code="p">05-11149</subfield>
      <subfield code="i">05-11149</subfield>
      <subfield code="g">180</subfield>
      <subfield code="o">51(075) M425ma 2</subfield>
      <subfield code="e">Migracion UARG</subfield>
      <subfield code="8">CG</subfield>
    </datafield>
    <datafield tag="952" ind1=" " ind2=" ">
      <subfield code="a">BIB_RECT</subfield>
      <subfield code="b">BIB_UARG</subfield>
      <subfield code="d">2016-04-06</subfield>
      <subfield code="y">BK</subfield>
      <subfield code="p">05-11150</subfield>
      <subfield code="i">05-11150</subfield>
      <subfield code="g">180</subfield>
      <subfield code="o">51(075) M425ma 2</subfield>
      <subfield code="e">Migracion UARG</subfield>
      <subfield code="8">CG</subfield>
    </datafield>
    <datafield tag="952" ind1=" " ind2=" ">
      <subfield code="a">BIB_RECT</subfield>
      <subfield code="b">BIB_UARG</subfield>
      <subfield code="d">2016-04-06</subfield>
      <subfield code="y">BK</subfield>
      <subfield code="p">05-11151</subfield>
      <subfield code="i">05-11151</subfield>
      <subfield code="g">180</subfield>
      <subfield code="o">51(075) M425ma 2</subfield>
      <subfield code="e">Migracion UARG</subfield>
      <subfield code="8">CG</subfield>
    </datafield>
    <datafield tag="952" ind1=" " ind2=" ">
      <subfield code="a">BIB_RECT</subfield>
      <subfield code="b">BIB_UARG</subfield>
      <subfield code="d">2016-04-06</subfield>
      <subfield code="y">BK</subfield>
      <subfield code="p">05-11774</subfield>
      <subfield code="i">05-11774</subfield>
      <subfield code="g">180</subfield>
      <subfield code="o">51(075) M425ma 2</subfield>
      <subfield code="e">Migracion UARG</subfield>
      <subfield code="8">CG</subfield>
    </datafield>
  </record>