
  <record>
    <leader>01000aam  22002601a 4500</leader>
    <controlfield tag="001">YPZ99996</controlfield>
    <controlfield tag="003">YPZ</controlfield>
    <controlfield tag="005">201604061117290</controlfield>
    <controlfield tag="008">160406|###########||||||b||||||||||spa|d</controlfield>
    <datafield tag="020" ind1=" " ind2=" ">
      <subfield code="a">8420763519</subfield>
    </datafield>
    <datafield tag="040" ind1=" " ind2=" ">
      <subfield code="c">SIUNPA</subfield>
    </datafield>
    <datafield tag="041" ind1=" " ind2=" ">
      <subfield code="a">spa</subfield>
    </datafield>
    <datafield tag="044" ind1=" " ind2=" ">
      <subfield code="a">ES</subfield>
    </datafield>
    <datafield tag="080" ind1=" " ind2=" ">
      <subfield code="a">51(075) M425ma 3</subfield>
    </datafield>
    <datafield tag="100" ind1=" " ind2=" ">
      <subfield code="a">Colera, Jiménez José.</subfield>
    </datafield>
    <datafield tag="700" ind1=" " ind2=" ">
      <subfield code="a">Guzmán Ozamiz, María de.</subfield>
    </datafield>
    <datafield tag="700" ind1=" " ind2=" ">
      <subfield code="a">Gaztelu, Ignacio.</subfield>
    </datafield>
    <datafield tag="700" ind1=" " ind2=" ">
      <subfield code="a">Oliveira, María José.</subfield>
    </datafield>
    <datafield tag="245" ind1=" " ind2=" ">
      <subfield code="a">Matemáticas 3</subfield>
      <subfield code="c"> / Sánchez Ludueña, Enrique, ed. ; Vázquez, Ángela, auxiliar de ed. ; Vázquez, Pablo, il.</subfield>
    </datafield>
    <datafield tag="260" ind1=" " ind2=" ">
      <subfield code="a">Madrid</subfield>
      <subfield code="b"> : Anaya</subfield>
      <subfield code="c"> , 1995</subfield>
    </datafield>
    <datafield tag="500" ind1=" " ind2=" ">
      <subfield code="a">Título de partida: Bachillerato</subfield>
    </datafield>
    <datafield tag="500" ind1=" " ind2=" ">
      <subfield code="a">Este libro corresponde al tercer curso de Bachillerato</subfield>
    </datafield>
    <datafield tag="650" ind1=" " ind2=" ">
      <subfield code="a"> MATEMATICAS (SECUNDARIA)</subfield>
    </datafield>
    <datafield tag="650" ind1=" " ind2=" ">
      <subfield code="a"> ENSEÑANZA DE LAS MATEMATICAS</subfield>
    </datafield>
    <datafield tag="650" ind1=" " ind2=" ">
      <subfield code="a"> POLIMODAL</subfield>
    </datafield>
    <datafield tag="650" ind1=" " ind2=" ">
      <subfield code="a"> EJERCICIOS</subfield>
    </datafield>
    <datafield tag="650" ind1=" " ind2=" ">
      <subfield code="a"> LIBROS DE TEXTO</subfield>
    </datafield>
    <datafield tag="942" ind1=" " ind2=" ">
      <subfield code="c">BK</subfield>
    </datafield>
    <datafield tag="952" ind1=" " ind2=" ">
      <subfield code="a">BIB_RECT</subfield>
      <subfield code="b">BIB_UARG</subfield>
      <subfield code="d">2016-04-06</subfield>
      <subfield code="y">BK</subfield>
      <subfield code="p">05-11114</subfield>
      <subfield code="i">05-11114</subfield>
      <subfield code="g">180</subfield>
      <subfield code="o">51(075) M425ma 3</subfield>
      <subfield code="e">Migracion UARG</subfield>
      <subfield code="8">CG</subfield>
    </datafield>
    <datafield tag="952" ind1=" " ind2=" ">
      <subfield code="a">BIB_RECT</subfield>
      <subfield code="b">BIB_UARG</subfield>
      <subfield code="d">2016-04-06</subfield>
      <subfield code="y">BK</subfield>
      <subfield code="p">05-11115</subfield>
      <subfield code="i">05-11115</subfield>
      <subfield code="g">180</subfield>
      <subfield code="o">51(075) M425ma 3</subfield>
      <subfield code="e">Migracion UARG</subfield>
      <subfield code="8">CG</subfield>
    </datafield>
    <datafield tag="952" ind1=" " ind2=" ">
      <subfield code="a">BIB_RECT</subfield>
      <subfield code="b">BIB_UARG</subfield>
      <subfield code="d">2016-04-06</subfield>
      <subfield code="y">BK</subfield>
      <subfield code="p">05-11116</subfield>
      <subfield code="i">05-11116</subfield>
      <subfield code="g">180</subfield>
      <subfield code="o">51(075) M425ma 3</subfield>
      <subfield code="e">FOMEC 585</subfield>
      <subfield code="8">CG</subfield>
    </datafield>
    <datafield tag="952" ind1=" " ind2=" ">
      <subfield code="a">BIB_RECT</subfield>
      <subfield code="b">BIB_UARG</subfield>
      <subfield code="d">2016-04-06</subfield>
      <subfield code="y">BK</subfield>
      <subfield code="p">05-11143</subfield>
      <subfield code="i">05-11143</subfield>
      <subfield code="g">180</subfield>
      <subfield code="o">51(075) M425ma 3</subfield>
      <subfield code="e">Migracion UARG</subfield>
      <subfield code="8">CG</subfield>
    </datafield>
    <datafield tag="952" ind1=" " ind2=" ">
      <subfield code="a">BIB_RECT</subfield>
      <subfield code="b">BIB_UARG</subfield>
      <subfield code="d">2016-04-06</subfield>
      <subfield code="y">BK</subfield>
      <subfield code="p">05-11144</subfield>
      <subfield code="i">05-11144</subfield>
      <subfield code="g">180</subfield>
      <subfield code="o">51(075) M425ma 3</subfield>
      <subfield code="e">Migracion UARG</subfield>
      <subfield code="8">CG</subfield>
    </datafield>
    <datafield tag="952" ind1=" " ind2=" ">
      <subfield code="a">BIB_RECT</subfield>
      <subfield code="b">BIB_UARG</subfield>
      <subfield code="d">2016-04-06</subfield>
      <subfield code="y">BK</subfield>
      <subfield code="p">05-11152</subfield>
      <subfield code="i">05-11152</subfield>
      <subfield code="g">180</subfield>
      <subfield code="o">51(075) M425ma 3</subfield>
      <subfield code="e">Migracion UARG</subfield>
      <subfield code="8">CG</subfield>
    </datafield>
    <datafield tag="952" ind1=" " ind2=" ">
      <subfield code="a">BIB_RECT</subfield>
      <subfield code="b">BIB_UARG</subfield>
      <subfield code="d">2016-04-06</subfield>
      <subfield code="y">BK</subfield>
      <subfield code="p">05-11153</subfield>
      <subfield code="i">05-11153</subfield>
      <subfield code="g">180</subfield>
      <subfield code="o">51(075) M425ma 3</subfield>
      <subfield code="e">Migracion UARG</subfield>
      <subfield code="8">CG</subfield>
    </datafield>
    <datafield tag="952" ind1=" " ind2=" ">
      <subfield code="a">BIB_RECT</subfield>
      <subfield code="b">BIB_UARG</subfield>
      <subfield code="d">2016-04-06</subfield>
      <subfield code="y">BK</subfield>
      <subfield code="p">05-11167</subfield>
      <subfield code="i">05-11167</subfield>
      <subfield code="g">180</subfield>
      <subfield code="o">51(075) M425ma 3</subfield>
      <subfield code="e">Migracion UARG</subfield>
      <subfield code="8">CG</subfield>
    </datafield>
    <datafield tag="952" ind1=" " ind2=" ">
      <subfield code="a">BIB_RECT</subfield>
      <subfield code="b">BIB_UARG</subfield>
      <subfield code="d">2016-04-06</subfield>
      <subfield code="y">BK</subfield>
      <subfield code="p">05-11168</subfield>
      <subfield code="i">05-11168</subfield>
      <subfield code="g">180</subfield>
      <subfield code="o">51(075) M425ma 3</subfield>
      <subfield code="e">Migracion UARG</subfield>
      <subfield code="8">CG</subfield>
    </datafield>
    <datafield tag="952" ind1=" " ind2=" ">
      <subfield code="a">BIB_RECT</subfield>
      <subfield code="b">BIB_UARG</subfield>
      <subfield code="d">2016-04-06</subfield>
      <subfield code="y">BK</subfield>
      <subfield code="p">05-11169</subfield>
      <subfield code="i">05-11169</subfield>
      <subfield code="g">180</subfield>
      <subfield code="o">51(075) M425ma 3</subfield>
      <subfield code="e">Migracion UARG</subfield>
      <subfield code="8">CG</subfield>
    </datafield>
    <datafield tag="952" ind1=" " ind2=" ">
      <subfield code="a">BIB_RECT</subfield>
      <subfield code="b">BIB_UARG</subfield>
      <subfield code="d">2016-04-06</subfield>
      <subfield code="y">BK</subfield>
      <subfield code="p">05-11170</subfield>
      <subfield code="i">05-11170</subfield>
      <subfield code="g">180</subfield>
      <subfield code="o">51(075) M425ma 3</subfield>
      <subfield code="e">Migracion UARG</subfield>
      <subfield code="8">CG</subfield>
    </datafield>
    <datafield tag="952" ind1=" " ind2=" ">
      <subfield code="a">BIB_RECT</subfield>
      <subfield code="b">BIB_UARG</subfield>
      <subfield code="d">2016-04-06</subfield>
      <subfield code="y">BK</subfield>
      <subfield code="p">05-11171</subfield>
      <subfield code="i">05-11171</subfield>
      <subfield code="g">180</subfield>
      <subfield code="o">51(075) M425ma 3</subfield>
      <subfield code="e">Migracion UARG</subfield>
      <subfield code="8">CG</subfield>
    </datafield>
    <datafield tag="952" ind1=" " ind2=" ">
      <subfield code="a">BIB_RECT</subfield>
      <subfield code="b">BIB_UARG</subfield>
      <subfield code="d">2016-04-06</subfield>
      <subfield code="y">BK</subfield>
      <subfield code="p">05-11172</subfield>
      <subfield code="i">05-11172</subfield>
      <subfield code="g">180</subfield>
      <subfield code="o">51(075) M425ma 3</subfield>
      <subfield code="e">Migracion UARG</subfield>
      <subfield code="8">CG</subfield>
    </datafield>
    <datafield tag="952" ind1=" " ind2=" ">
      <subfield code="a">BIB_RECT</subfield>
      <subfield code="b">BIB_UARG</subfield>
      <subfield code="d">2016-04-06</subfield>
      <subfield code="y">BK</subfield>
      <subfield code="p">05-11173</subfield>
      <subfield code="i">05-11173</subfield>
      <subfield code="g">180</subfield>
      <subfield code="o">51(075) M425ma 3</subfield>
      <subfield code="e">Migracion UARG</subfield>
      <subfield code="8">CG</subfield>
    </datafield>
    <datafield tag="952" ind1=" " ind2=" ">
      <subfield code="a">BIB_RECT</subfield>
      <subfield code="b">BIB_UARG</subfield>
      <subfield code="d">2016-04-06</subfield>
      <subfield code="y">BK</subfield>
      <subfield code="p">05-11174</subfield>
      <subfield code="i">05-11174</subfield>
      <subfield code="g">180</subfield>
      <subfield code="o">51(075) M425ma 3</subfield>
      <subfield code="e">Migracion UARG</subfield>
      <subfield code="8">CG</subfield>
    </datafield>
    <datafield tag="952" ind1=" " ind2=" ">
      <subfield code="a">BIB_RECT</subfield>
      <subfield code="b">BIB_UARG</subfield>
      <subfield code="d">2016-04-06</subfield>
      <subfield code="y">BK</subfield>
      <subfield code="p">05-11175</subfield>
      <subfield code="i">05-11175</subfield>
      <subfield code="g">180</subfield>
      <subfield code="o">51(075) M425ma 3</subfield>
      <subfield code="e">Migracion UARG</subfield>
      <subfield code="8">CG</subfield>
    </datafield>
    <datafield tag="952" ind1=" " ind2=" ">
      <subfield code="a">BIB_RECT</subfield>
      <subfield code="b">BIB_UARG</subfield>
      <subfield code="d">2016-04-06</subfield>
      <subfield code="y">BK</subfield>
      <subfield code="p">05-11176</subfield>
      <subfield code="i">05-11176</subfield>
      <subfield code="g">180</subfield>
      <subfield code="o">51(075) M425ma 3</subfield>
      <subfield code="e">Migracion UARG</subfield>
      <subfield code="8">CG</subfield>
    </datafield>
    <datafield tag="952" ind1=" " ind2=" ">
      <subfield code="a">BIB_RECT</subfield>
      <subfield code="b">BIB_UARG</subfield>
      <subfield code="d">2016-04-06</subfield>
      <subfield code="y">BK</subfield>
      <subfield code="p">05-11177</subfield>
      <subfield code="i">05-11177</subfield>
      <subfield code="g">180</subfield>
      <subfield code="o">51(075) M425ma 3</subfield>
      <subfield code="e">Migracion UARG</subfield>
      <subfield code="8">CG</subfield>
    </datafield>
    <datafield tag="952" ind1=" " ind2=" ">
      <subfield code="a">BIB_RECT</subfield>
      <subfield code="b">BIB_UARG</subfield>
      <subfield code="d">2016-04-06</subfield>
      <subfield code="y">BK</subfield>
      <subfield code="p">05-11178</subfield>
      <subfield code="i">05-11178</subfield>
      <subfield code="g">180</subfield>
      <subfield code="o">51(075) M425ma 3</subfield>
      <subfield code="e">Migracion UARG</subfield>
      <subfield code="8">CG</subfield>
    </datafield>
    <datafield tag="952" ind1=" " ind2=" ">
      <subfield code="a">BIB_RECT</subfield>
      <subfield code="b">BIB_UARG</subfield>
      <subfield code="d">2016-04-06</subfield>
      <subfield code="y">BK</subfield>
      <subfield code="p">05-11204</subfield>
      <subfield code="i">05-11204</subfield>
      <subfield code="g">180</subfield>
      <subfield code="o">51(075) M425ma 3</subfield>
      <subfield code="e">Migracion UARG</subfield>
      <subfield code="8">CG</subfield>
    </datafield>
  </record>