
  <record>
    <leader>01000aam  22002601a 4500</leader>
    <controlfield tag="001">YPZ99999</controlfield>
    <controlfield tag="003">YPZ</controlfield>
    <controlfield tag="005">201604081559170</controlfield>
    <controlfield tag="008">160408|###########||||||b||||||||||spa|d</controlfield>
    <datafield tag="020" ind1=" " ind2=" ">
      <subfield code="a">9789873714139</subfield>
    </datafield>
    <datafield tag="040" ind1=" " ind2=" ">
      <subfield code="c">SIUNPA</subfield>
    </datafield>
    <datafield tag="041" ind1=" " ind2=" ">
      <subfield code="a">spa</subfield>
    </datafield>
    <datafield tag="044" ind1=" " ind2=" ">
      <subfield code="a">AR</subfield>
    </datafield>
    <datafield tag="080" ind1=" " ind2=" ">
      <subfield code="a">821.134.2(82) S573s</subfield>
    </datafield>
    <datafield tag="100" ind1=" " ind2=" ">
      <subfield code="a">Gierl, Érica.</subfield>
    </datafield>
    <datafield tag="700" ind1=" " ind2=" ">
      <subfield code="a">Rodríguez, Inés.</subfield>
    </datafield>
    <datafield tag="700" ind1=" " ind2=" ">
      <subfield code="a">León, Isabel.</subfield>
    </datafield>
    <datafield tag="700" ind1=" " ind2=" ">
      <subfield code="a">Bologna, Julia.</subfield>
    </datafield>
    <datafield tag="700" ind1=" " ind2=" ">
      <subfield code="a">Speake, Julia.</subfield>
    </datafield>
    <datafield tag="700" ind1=" " ind2=" ">
      <subfield code="a">Manyare, Rosa.</subfield>
    </datafield>
    <datafield tag="700" ind1=" " ind2=" ">
      <subfield code="a">Fraser, Winifred.</subfield>
    </datafield>
    <datafield tag="245" ind1=" " ind2=" ">
      <subfield code="a">Siete mujeres</subfield>
      <subfield code="b"> : unidas por la vida, el paisaje, los recuerdos y los sueños</subfield>
    </datafield>
    <datafield tag="260" ind1=" " ind2=" ">
      <subfield code="a">Buenos Aires</subfield>
      <subfield code="b"> : Universidad Nacional de la Patagonia Austral, UNPAedita</subfield>
      <subfield code="c"> , 2015</subfield>
    </datafield>
    <datafield tag="650" ind1=" " ind2=" ">
      <subfield code="a"> LITERATURA ARGENTINA</subfield>
    </datafield>
    <datafield tag="650" ind1=" " ind2=" ">
      <subfield code="a"> MUJERES 	</subfield>
    </datafield>
    <datafield tag="650" ind1=" " ind2=" ">
      <subfield code="a"> RELATO </subfield>
    </datafield>
    <datafield tag="650" ind1=" " ind2=" ">
      <subfield code="a"> CUENTO</subfield>
    </datafield>
    <datafield tag="650" ind1=" " ind2=" ">
      <subfield code="a"> PUERTO SAN JULIAN (SANTA CRUZ)</subfield>
    </datafield>
    <datafield tag="942" ind1=" " ind2=" ">
      <subfield code="c">BK</subfield>
    </datafield>
    <datafield tag="952" ind1=" " ind2=" ">
      <subfield code="a">BIB_RECT</subfield>
      <subfield code="b">BIB_UACO</subfield>
      <subfield code="d">2016-04-13</subfield>
      <subfield code="y">BK</subfield>
      <subfield code="p">02-47767</subfield>
      <subfield code="i">02-47767</subfield>
      <subfield code="g">180</subfield>
      <subfield code="o">821.134.2(82) S573s</subfield>
      <subfield code="e">Secretaría de Extensión</subfield>
      <subfield code="8">CG</subfield>
    </datafield>
    <datafield tag="952" ind1=" " ind2=" ">
      <subfield code="a">BIB_RECT</subfield>
      <subfield code="b">BIB_UACO</subfield>
      <subfield code="d">2016-04-13</subfield>
      <subfield code="y">BK</subfield>
      <subfield code="p">02-47768</subfield>
      <subfield code="i">02-47768</subfield>
      <subfield code="g">180</subfield>
      <subfield code="o">821.134.2(82) S573s</subfield>
      <subfield code="e">Secretaría de Extensión</subfield>
      <subfield code="8">CG</subfield>
    </datafield>
    <datafield tag="952" ind1=" " ind2=" ">
      <subfield code="a">BIB_RECT</subfield>
      <subfield code="b">BIB_UACO</subfield>
      <subfield code="d">2016-04-13</subfield>
      <subfield code="y">BK</subfield>
      <subfield code="p">02-47769</subfield>
      <subfield code="i">02-47769</subfield>
      <subfield code="g">180</subfield>
      <subfield code="o">821.134.2(82) S573s</subfield>
      <subfield code="e">Secretaría de Extensión</subfield>
      <subfield code="8">CG</subfield>
    </datafield>
    <datafield tag="952" ind1=" " ind2=" ">
      <subfield code="a">BIB_RECT</subfield>
      <subfield code="b">BIB_UART</subfield>
      <subfield code="d">2016-04-18</subfield>
      <subfield code="y">BK</subfield>
      <subfield code="p">03-47803</subfield>
      <subfield code="i">03-47803</subfield>
      <subfield code="g">180</subfield>
      <subfield code="o">821.134.2(82) S573s</subfield>
      <subfield code="e">Secretaría de Extensión</subfield>
      <subfield code="8">CG</subfield>
    </datafield>
    <datafield tag="952" ind1=" " ind2=" ">
      <subfield code="a">BIB_RECT</subfield>
      <subfield code="b">BIB_UART</subfield>
      <subfield code="d">2016-04-18</subfield>
      <subfield code="y">BK</subfield>
      <subfield code="p">03-47804</subfield>
      <subfield code="i">03-47804</subfield>
      <subfield code="g">180</subfield>
      <subfield code="o">821.134.2(82) S573s</subfield>
      <subfield code="e">Secretaría de Extensión</subfield>
      <subfield code="8">CG</subfield>
    </datafield>
    <datafield tag="952" ind1=" " ind2=" ">
      <subfield code="a">BIB_RECT</subfield>
      <subfield code="b">BIB_UART</subfield>
      <subfield code="d">2016-04-18</subfield>
      <subfield code="y">BK</subfield>
      <subfield code="p">03-47805</subfield>
      <subfield code="i">03-47805</subfield>
      <subfield code="g">180</subfield>
      <subfield code="o">821.134.2(82) S573s</subfield>
      <subfield code="e">Secretaría de Extensión</subfield>
      <subfield code="8">CG</subfield>
    </datafield>
    <datafield tag="952" ind1=" " ind2=" ">
      <subfield code="a">BIB_RECT</subfield>
      <subfield code="b">BIB_UASJ</subfield>
      <subfield code="d">2016-04-14</subfield>
      <subfield code="y">BK</subfield>
      <subfield code="p">04-44785</subfield>
      <subfield code="i">04-44785</subfield>
      <subfield code="g">180</subfield>
      <subfield code="o">821.134.2(82) S573s</subfield>
      <subfield code="e">Secretaría de Extensión</subfield>
      <subfield code="8">CG</subfield>
    </datafield>
    <datafield tag="952" ind1=" " ind2=" ">
      <subfield code="a">BIB_RECT</subfield>
      <subfield code="b">BIB_UASJ</subfield>
      <subfield code="d">2016-04-14</subfield>
      <subfield code="y">BK</subfield>
      <subfield code="p">04-47786</subfield>
      <subfield code="i">04-47786</subfield>
      <subfield code="g">180</subfield>
      <subfield code="o">821.134.2(82) S573s</subfield>
      <subfield code="e">Secretaría de Extensión</subfield>
      <subfield code="8">CG</subfield>
    </datafield>
    <datafield tag="952" ind1=" " ind2=" ">
      <subfield code="a">BIB_RECT</subfield>
      <subfield code="b">BIB_UASJ</subfield>
      <subfield code="d">2016-04-14</subfield>
      <subfield code="y">BK</subfield>
      <subfield code="p">04-47787</subfield>
      <subfield code="i">04-47787</subfield>
      <subfield code="g">180</subfield>
      <subfield code="o">821.134.2(82) S573s</subfield>
      <subfield code="e">Secretaría de Extensión</subfield>
      <subfield code="8">CG</subfield>
    </datafield>
    <datafield tag="952" ind1=" " ind2=" ">
      <subfield code="a">BIB_RECT</subfield>
      <subfield code="b">BIB_UARG</subfield>
      <subfield code="d">2016-04-07</subfield>
      <subfield code="y">BK</subfield>
      <subfield code="p">05-47749</subfield>
      <subfield code="i">05-47749</subfield>
      <subfield code="g">180</subfield>
      <subfield code="o">821.134.2(82) S573s</subfield>
      <subfield code="e">Secretaría de Extensión</subfield>
      <subfield code="8">CG</subfield>
    </datafield>
    <datafield tag="952" ind1=" " ind2=" ">
      <subfield code="a">BIB_RECT</subfield>
      <subfield code="b">BIB_UARG</subfield>
      <subfield code="d">2016-04-07</subfield>
      <subfield code="y">BK</subfield>
      <subfield code="p">05-47750</subfield>
      <subfield code="i">05-47750</subfield>
      <subfield code="g">180</subfield>
      <subfield code="o">821.134.2(82) S573s</subfield>
      <subfield code="e">Secretaría de Extensión</subfield>
      <subfield code="8">CG</subfield>
    </datafield>
    <datafield tag="952" ind1=" " ind2=" ">
      <subfield code="a">BIB_RECT</subfield>
      <subfield code="b">BIB_UARG</subfield>
      <subfield code="d">2016-04-07</subfield>
      <subfield code="y">BK</subfield>
      <subfield code="p">05-47751</subfield>
      <subfield code="i">05-47751</subfield>
      <subfield code="g">180</subfield>
      <subfield code="o">821.134.2(82) S573s</subfield>
      <subfield code="e">Secretaría de Extensión</subfield>
      <subfield code="8">CG</subfield>
    </datafield>
    <datafield tag="952" ind1=" " ind2=" ">
      <subfield code="a">BIB_RECT</subfield>
      <subfield code="b">SAT_TRUN</subfield>
      <subfield code="d">2016-04-21</subfield>
      <subfield code="y">BK</subfield>
      <subfield code="p">10-47842</subfield>
      <subfield code="i">10-47842</subfield>
      <subfield code="g">180</subfield>
      <subfield code="o">821.134.2(82) S573s</subfield>
      <subfield code="e">Secretaría de Extensión</subfield>
      <subfield code="8">CG</subfield>
    </datafield>
    <datafield tag="952" ind1=" " ind2=" ">
      <subfield code="a">BIB_RECT</subfield>
      <subfield code="b">SAT_PBNA</subfield>
      <subfield code="d">2016-04-25</subfield>
      <subfield code="y">BK</subfield>
      <subfield code="p">11-47884</subfield>
      <subfield code="i">11-47884</subfield>
      <subfield code="g">180</subfield>
      <subfield code="o">821.134.2(82) S573s</subfield>
      <subfield code="e">Secretaría de Extensión</subfield>
      <subfield code="8">CG</subfield>
    </datafield>
    <datafield tag="952" ind1=" " ind2=" ">
      <subfield code="a">BIB_RECT</subfield>
      <subfield code="b">BIB_RECT</subfield>
      <subfield code="d">2016-04-25</subfield>
      <subfield code="y">BK</subfield>
      <subfield code="p">12-47860</subfield>
      <subfield code="i">12-47860</subfield>
      <subfield code="g">120</subfield>
      <subfield code="o">821.134.2(82) S573s</subfield>
      <subfield code="e">Secretaría de Extensión</subfield>
      <subfield code="8">CG</subfield>
    </datafield>
    <datafield tag="952" ind1=" " ind2=" ">
      <subfield code="a">BIB_RECT</subfield>
      <subfield code="b">BIB_RECT</subfield>
      <subfield code="d">2016-04-21</subfield>
      <subfield code="y">BK</subfield>
      <subfield code="p">15-47854</subfield>
      <subfield code="i">15-47854</subfield>
      <subfield code="g">180</subfield>
      <subfield code="o">821.134.2(82) S573s</subfield>
      <subfield code="e">Secretaría de Extensión</subfield>
      <subfield code="8">CG</subfield>
    </datafield>
    <datafield tag="952" ind1=" " ind2=" ">
      <subfield code="a">BIB_RECT</subfield>
      <subfield code="b">SAT_PDES</subfield>
      <subfield code="d">2016-04-21</subfield>
      <subfield code="y">BK</subfield>
      <subfield code="p">16-47848</subfield>
      <subfield code="i">16-47848</subfield>
      <subfield code="g">180</subfield>
      <subfield code="o">821.134.2(82) S573s</subfield>
      <subfield code="e">Secretaría de Extensión</subfield>
      <subfield code="8">CG</subfield>
    </datafield>
    <datafield tag="952" ind1=" " ind2=" ">
      <subfield code="a">BIB_RECT</subfield>
      <subfield code="b">BIB_RECT</subfield>
      <subfield code="d">2016-04-25</subfield>
      <subfield code="y">BK</subfield>
      <subfield code="p">17-47872</subfield>
      <subfield code="i">17-47872</subfield>
      <subfield code="g">180</subfield>
      <subfield code="o">821.134.2(82) S573s</subfield>
      <subfield code="e">Secretaría de Extensión</subfield>
      <subfield code="8">CG</subfield>
    </datafield>
    <datafield tag="952" ind1=" " ind2=" ">
      <subfield code="a">BIB_RECT</subfield>
      <subfield code="b">SAT_GREG</subfield>
      <subfield code="d">2016-04-25</subfield>
      <subfield code="y">BK</subfield>
      <subfield code="p">18-47866</subfield>
      <subfield code="i">18-47866</subfield>
      <subfield code="g">180</subfield>
      <subfield code="o">821.134.2(82) S573s</subfield>
      <subfield code="e">Secretaría de Extensión</subfield>
      <subfield code="8">CG</subfield>
    </datafield>
    <datafield tag="952" ind1=" " ind2=" ">
      <subfield code="a">BIB_RECT</subfield>
      <subfield code="b">BIB_RECT</subfield>
      <subfield code="d">2016-04-25</subfield>
      <subfield code="y">BK</subfield>
      <subfield code="p">19-46878</subfield>
      <subfield code="i">19-46878</subfield>
      <subfield code="g">180</subfield>
      <subfield code="o">821.134.2(82) S573s</subfield>
      <subfield code="e">Secretaría de Extensión</subfield>
      <subfield code="8">CG</subfield>
    </datafield>
  </record>