
  <record>
    <leader>01000aam  22002601a 4500</leader>
    <controlfield tag="001">YPZ100001</controlfield>
    <controlfield tag="003">YPZ</controlfield>
    <controlfield tag="005">201604081804280</controlfield>
    <controlfield tag="008">160408|###########||||||b||||||||||spa|d</controlfield>
    <datafield tag="020" ind1=" " ind2=" ">
      <subfield code="a">9789873714207</subfield>
    </datafield>
    <datafield tag="040" ind1=" " ind2=" ">
      <subfield code="c">SIUNPA</subfield>
    </datafield>
    <datafield tag="041" ind1=" " ind2=" ">
      <subfield code="a">spa</subfield>
    </datafield>
    <datafield tag="044" ind1=" " ind2=" ">
      <subfield code="a">AR</subfield>
    </datafield>
    <datafield tag="080" ind1=" " ind2=" ">
      <subfield code="a">316.334.56 T655t</subfield>
    </datafield>
    <datafield tag="100" ind1=" " ind2=" ">
      <subfield code="a">Bachiller, Santiago.</subfield>
    </datafield>
    <datafield tag="700" ind1=" " ind2=" ">
      <subfield code="a">Baeza, Brígida.</subfield>
    </datafield>
    <datafield tag="700" ind1=" " ind2=" ">
      <subfield code="a">Vázquez, Letizia.</subfield>
    </datafield>
    <datafield tag="700" ind1=" " ind2=" ">
      <subfield code="a">Freddo, Bianca.</subfield>
    </datafield>
    <datafield tag="700" ind1=" " ind2=" ">
      <subfield code="a">Usach, Natalia.</subfield>
    </datafield>
    <datafield tag="700" ind1=" " ind2=" ">
      <subfield code="a">Kaminker, Sergio.</subfield>
    </datafield>
    <datafield tag="700" ind1=" " ind2=" ">
      <subfield code="a">Laztra, Carolina.</subfield>
    </datafield>
    <datafield tag="245" ind1=" " ind2=" ">
      <subfield code="a">Toma de tierras y dificultades de acceso al suelo urbano en la patagonia Central</subfield>
      <subfield code="c"> / Santiago Bachiller, ed.</subfield>
    </datafield>
    <datafield tag="250" ind1=" " ind2=" ">
      <subfield code="a">1a ed.</subfield>
    </datafield>
    <datafield tag="260" ind1=" " ind2=" ">
      <subfield code="a">Buenos Aires</subfield>
      <subfield code="b"> : Universidad Nacional de la Patagonia Austral, UNPAedita</subfield>
      <subfield code="b"> : Miño y Dávila</subfield>
      <subfield code="c"> , 2015</subfield>
    </datafield>
    <datafield tag="650" ind1=" " ind2=" ">
      <subfield code="a"> SOCIOLOGIA URBANA</subfield>
    </datafield>
    <datafield tag="650" ind1=" " ind2=" ">
      <subfield code="a"> CAMBIO SOCIAL</subfield>
    </datafield>
    <datafield tag="650" ind1=" " ind2=" ">
      <subfield code="a"> IDENTIDAD CULTURAL</subfield>
    </datafield>
    <datafield tag="942" ind1=" " ind2=" ">
      <subfield code="c">BK</subfield>
    </datafield>
    <datafield tag="952" ind1=" " ind2=" ">
      <subfield code="a">BIB_RECT</subfield>
      <subfield code="b">BIB_UACO</subfield>
      <subfield code="d">2016-04-13</subfield>
      <subfield code="y">BK</subfield>
      <subfield code="p">02-47770</subfield>
      <subfield code="i">02-47770</subfield>
      <subfield code="g">260</subfield>
      <subfield code="o">316.334.56 T655t</subfield>
      <subfield code="e">Secretaría de Extensión</subfield>
      <subfield code="8">CG</subfield>
    </datafield>
    <datafield tag="952" ind1=" " ind2=" ">
      <subfield code="a">BIB_RECT</subfield>
      <subfield code="b">BIB_UACO</subfield>
      <subfield code="d">2016-04-13</subfield>
      <subfield code="y">BK</subfield>
      <subfield code="p">02-47771</subfield>
      <subfield code="i">02-47771</subfield>
      <subfield code="g">260</subfield>
      <subfield code="o">316.334.56 T655t</subfield>
      <subfield code="e">Secretaría de Extensión</subfield>
      <subfield code="8">CG</subfield>
    </datafield>
    <datafield tag="952" ind1=" " ind2=" ">
      <subfield code="a">BIB_RECT</subfield>
      <subfield code="b">BIB_UACO</subfield>
      <subfield code="d">2016-04-13</subfield>
      <subfield code="y">BK</subfield>
      <subfield code="p">02-47772</subfield>
      <subfield code="i">02-47772</subfield>
      <subfield code="g">260</subfield>
      <subfield code="o">316.334.56 T655t</subfield>
      <subfield code="e">Secretaría de Extensión</subfield>
      <subfield code="8">CG</subfield>
    </datafield>
    <datafield tag="952" ind1=" " ind2=" ">
      <subfield code="a">BIB_RECT</subfield>
      <subfield code="b">BIB_UART</subfield>
      <subfield code="d">2016-04-18</subfield>
      <subfield code="y">BK</subfield>
      <subfield code="p">03-47806</subfield>
      <subfield code="i">03-47806</subfield>
      <subfield code="g">210</subfield>
      <subfield code="o">316.334.56 T655t</subfield>
      <subfield code="e">Secretaría de Extensión</subfield>
      <subfield code="8">CG</subfield>
    </datafield>
    <datafield tag="952" ind1=" " ind2=" ">
      <subfield code="a">BIB_RECT</subfield>
      <subfield code="b">BIB_UART</subfield>
      <subfield code="d">2016-04-18</subfield>
      <subfield code="y">BK</subfield>
      <subfield code="p">03-47807</subfield>
      <subfield code="i">03-47807</subfield>
      <subfield code="g">210</subfield>
      <subfield code="o">316.334.56 T655t</subfield>
      <subfield code="e">Secretaría de Extensión</subfield>
      <subfield code="8">CG</subfield>
    </datafield>
    <datafield tag="952" ind1=" " ind2=" ">
      <subfield code="a">BIB_RECT</subfield>
      <subfield code="b">BIB_UART</subfield>
      <subfield code="d">2016-04-18</subfield>
      <subfield code="y">BK</subfield>
      <subfield code="p">03-47808</subfield>
      <subfield code="i">03-47808</subfield>
      <subfield code="g">210</subfield>
      <subfield code="o">316.334.56 T655t</subfield>
      <subfield code="e">Secretaría de Extensión</subfield>
      <subfield code="8">CG</subfield>
    </datafield>
    <datafield tag="952" ind1=" " ind2=" ">
      <subfield code="a">BIB_RECT</subfield>
      <subfield code="b">BIB_UASJ</subfield>
      <subfield code="d">2016-04-14</subfield>
      <subfield code="y">BK</subfield>
      <subfield code="p">04-44788</subfield>
      <subfield code="i">04-44788</subfield>
      <subfield code="g">260</subfield>
      <subfield code="o">316.334.56 T655t</subfield>
      <subfield code="e">Secretaría de Extensión</subfield>
      <subfield code="8">CG</subfield>
    </datafield>
    <datafield tag="952" ind1=" " ind2=" ">
      <subfield code="a">BIB_RECT</subfield>
      <subfield code="b">BIB_UASJ</subfield>
      <subfield code="d">2016-04-14</subfield>
      <subfield code="y">BK</subfield>
      <subfield code="p">04-47789</subfield>
      <subfield code="i">04-47789</subfield>
      <subfield code="g">260</subfield>
      <subfield code="o">316.334.56 T655t</subfield>
      <subfield code="e">Secretaría de Extensión</subfield>
      <subfield code="8">CG</subfield>
    </datafield>
    <datafield tag="952" ind1=" " ind2=" ">
      <subfield code="a">BIB_RECT</subfield>
      <subfield code="b">BIB_UASJ</subfield>
      <subfield code="d">2016-04-14</subfield>
      <subfield code="y">BK</subfield>
      <subfield code="p">04-47790</subfield>
      <subfield code="i">04-47790</subfield>
      <subfield code="g">260</subfield>
      <subfield code="o">316.334.56 T655t</subfield>
      <subfield code="e">Secretaría de Extensión</subfield>
      <subfield code="8">CG</subfield>
    </datafield>
    <datafield tag="952" ind1=" " ind2=" ">
      <subfield code="a">BIB_RECT</subfield>
      <subfield code="b">BIB_UARG</subfield>
      <subfield code="d">2016-04-07</subfield>
      <subfield code="y">BK</subfield>
      <subfield code="p">05-47752</subfield>
      <subfield code="i">05-47752</subfield>
      <subfield code="g">260</subfield>
      <subfield code="o">316.334.56 T655t</subfield>
      <subfield code="e">Secretaría de Extensión</subfield>
      <subfield code="8">CG</subfield>
    </datafield>
    <datafield tag="952" ind1=" " ind2=" ">
      <subfield code="a">BIB_RECT</subfield>
      <subfield code="b">BIB_UARG</subfield>
      <subfield code="d">2016-04-07</subfield>
      <subfield code="y">BK</subfield>
      <subfield code="p">05-47753</subfield>
      <subfield code="i">05-47753</subfield>
      <subfield code="g">260</subfield>
      <subfield code="o">316.334.56 T655t</subfield>
      <subfield code="e">Secretaría de Extensión</subfield>
      <subfield code="8">CG</subfield>
    </datafield>
    <datafield tag="952" ind1=" " ind2=" ">
      <subfield code="a">BIB_RECT</subfield>
      <subfield code="b">BIB_UARG</subfield>
      <subfield code="d">2016-04-07</subfield>
      <subfield code="y">BK</subfield>
      <subfield code="p">05-47754</subfield>
      <subfield code="i">05-47754</subfield>
      <subfield code="g">260</subfield>
      <subfield code="o">316.334.56 T655t</subfield>
      <subfield code="e">Secretaría de Extensión</subfield>
      <subfield code="8">CG</subfield>
    </datafield>
    <datafield tag="952" ind1=" " ind2=" ">
      <subfield code="a">BIB_RECT</subfield>
      <subfield code="b">SAT_TRUN</subfield>
      <subfield code="d">2016-04-21</subfield>
      <subfield code="y">BK</subfield>
      <subfield code="p">10-47843</subfield>
      <subfield code="i">10-47843</subfield>
      <subfield code="g">260</subfield>
      <subfield code="o">316.334.56 T655t</subfield>
      <subfield code="e">Secretaría de Extensión</subfield>
      <subfield code="8">CG</subfield>
    </datafield>
    <datafield tag="952" ind1=" " ind2=" ">
      <subfield code="a">BIB_RECT</subfield>
      <subfield code="b">SAT_PBNA</subfield>
      <subfield code="d">2016-04-25</subfield>
      <subfield code="y">BK</subfield>
      <subfield code="p">11-47885</subfield>
      <subfield code="i">11-47885</subfield>
      <subfield code="g">260</subfield>
      <subfield code="o">316.334.56 T655t</subfield>
      <subfield code="e">Secretaría de Extensión</subfield>
      <subfield code="8">CG</subfield>
    </datafield>
    <datafield tag="952" ind1=" " ind2=" ">
      <subfield code="a">BIB_RECT</subfield>
      <subfield code="b">BIB_RECT</subfield>
      <subfield code="d">2016-04-25</subfield>
      <subfield code="y">BK</subfield>
      <subfield code="p">12-47861</subfield>
      <subfield code="i">12-47861</subfield>
      <subfield code="g">260</subfield>
      <subfield code="o">316.334.56 T655t</subfield>
      <subfield code="e">Secretaría de Extensión</subfield>
      <subfield code="8">CG</subfield>
    </datafield>
    <datafield tag="952" ind1=" " ind2=" ">
      <subfield code="a">BIB_RECT</subfield>
      <subfield code="b">BIB_RECT</subfield>
      <subfield code="d">2016-04-21</subfield>
      <subfield code="y">BK</subfield>
      <subfield code="p">15-47855</subfield>
      <subfield code="i">15-47855</subfield>
      <subfield code="g">260</subfield>
      <subfield code="o">316.334.56 T655t</subfield>
      <subfield code="e">Secretaría de Extensión</subfield>
      <subfield code="8">CG</subfield>
    </datafield>
    <datafield tag="952" ind1=" " ind2=" ">
      <subfield code="a">BIB_RECT</subfield>
      <subfield code="b">SAT_PDES</subfield>
      <subfield code="d">2016-04-21</subfield>
      <subfield code="y">BK</subfield>
      <subfield code="p">16-47849</subfield>
      <subfield code="i">16-47849</subfield>
      <subfield code="g">260</subfield>
      <subfield code="o">316.334.56 T655t</subfield>
      <subfield code="e">Secretaría de Extensión</subfield>
      <subfield code="8">CG</subfield>
    </datafield>
    <datafield tag="952" ind1=" " ind2=" ">
      <subfield code="a">BIB_RECT</subfield>
      <subfield code="b">BIB_RECT</subfield>
      <subfield code="d">2016-04-25</subfield>
      <subfield code="y">BK</subfield>
      <subfield code="p">17-47873</subfield>
      <subfield code="i">17-47873</subfield>
      <subfield code="g">260</subfield>
      <subfield code="o">316.334.56 T655t</subfield>
      <subfield code="e">Secretaría de Extensión</subfield>
      <subfield code="8">CG</subfield>
    </datafield>
    <datafield tag="952" ind1=" " ind2=" ">
      <subfield code="a">BIB_RECT</subfield>
      <subfield code="b">SAT_GREG</subfield>
      <subfield code="d">2016-04-25</subfield>
      <subfield code="y">BK</subfield>
      <subfield code="p">18-47867</subfield>
      <subfield code="i">18-47867</subfield>
      <subfield code="g">260</subfield>
      <subfield code="o">316.334.56 T655t</subfield>
      <subfield code="e">Secretaría de Extensión</subfield>
      <subfield code="8">CG</subfield>
    </datafield>
    <datafield tag="952" ind1=" " ind2=" ">
      <subfield code="a">BIB_RECT</subfield>
      <subfield code="b">BIB_RECT</subfield>
      <subfield code="d">2016-04-25</subfield>
      <subfield code="y">BK</subfield>
      <subfield code="p">19-47879</subfield>
      <subfield code="i">19-47879</subfield>
      <subfield code="g">260</subfield>
      <subfield code="o">316.334.56 T655t</subfield>
      <subfield code="e">Secretaría de Extensión</subfield>
      <subfield code="8">CG</subfield>
    </datafield>
  </record>