
  <record>
    <leader>01000aam  22002601a 4500</leader>
    <controlfield tag="001">YPZ100002</controlfield>
    <controlfield tag="003">YPZ</controlfield>
    <controlfield tag="005">201604081816040</controlfield>
    <controlfield tag="008">160408|###########||||||b||||||||||spa|d</controlfield>
    <datafield tag="020" ind1=" " ind2=" ">
      <subfield code="a">9789873714245</subfield>
    </datafield>
    <datafield tag="040" ind1=" " ind2=" ">
      <subfield code="c">SIUNPA</subfield>
    </datafield>
    <datafield tag="041" ind1=" " ind2=" ">
      <subfield code="a">spa</subfield>
    </datafield>
    <datafield tag="044" ind1=" " ind2=" ">
      <subfield code="a">AR</subfield>
    </datafield>
    <datafield tag="080" ind1=" " ind2=" ">
      <subfield code="a">625.1(82) T693f</subfield>
    </datafield>
    <datafield tag="100" ind1=" " ind2=" ">
      <subfield code="a">Torres, Susana B..</subfield>
    </datafield>
    <datafield tag="700" ind1=" " ind2=" ">
      <subfield code="a">Ferreira, Valeria.</subfield>
    </datafield>
    <datafield tag="700" ind1=" " ind2=" ">
      <subfield code="a">Monzón, Mariana.</subfield>
    </datafield>
    <datafield tag="245" ind1=" " ind2=" ">
      <subfield code="a">El ferrocarril</subfield>
      <subfield code="b"> : desafíos y esperanzas</subfield>
      <subfield code="c"> / Ciselli, Graciela, comp.</subfield>
    </datafield>
    <datafield tag="250" ind1=" " ind2=" ">
      <subfield code="a">1a ed.</subfield>
    </datafield>
    <datafield tag="260" ind1=" " ind2=" ">
      <subfield code="a">Buenos Aires</subfield>
      <subfield code="b"> : Universidad Nacional de la Patagonia Austral, UNPAedita</subfield>
      <subfield code="c"> , 2015</subfield>
    </datafield>
    <datafield tag="500" ind1=" " ind2=" ">
      <subfield code="a">Otro subtít.: De medio de transporte a patrimonio cultural santacruceño</subfield>
    </datafield>
    <datafield tag="650" ind1=" " ind2=" ">
      <subfield code="a"> FERROCARRILES  MONUMENTO HISTORICO</subfield>
    </datafield>
    <datafield tag="650" ind1=" " ind2=" ">
      <subfield code="a"> PATRIMONIO CULTURAL</subfield>
    </datafield>
    <datafield tag="650" ind1=" " ind2=" ">
      <subfield code="a"> TURISMO CULTURAL</subfield>
    </datafield>
    <datafield tag="650" ind1=" " ind2=" ">
      <subfield code="a"> HISTORIA DE SANTA CRUZ</subfield>
    </datafield>
    <datafield tag="650" ind1=" " ind2=" ">
      <subfield code="a"> SANTA CRUZ (ARGENTINA)</subfield>
    </datafield>
    <datafield tag="942" ind1=" " ind2=" ">
      <subfield code="c">BK</subfield>
    </datafield>
    <datafield tag="952" ind1=" " ind2=" ">
      <subfield code="a">BIB_RECT</subfield>
      <subfield code="b">BIB_UACO</subfield>
      <subfield code="d">2016-04-13</subfield>
      <subfield code="y">BK</subfield>
      <subfield code="p">02-47776</subfield>
      <subfield code="i">02-47776</subfield>
      <subfield code="g">120</subfield>
      <subfield code="o">625.1(82) T693f</subfield>
      <subfield code="e">Secretaría de Extensión</subfield>
      <subfield code="8">CG</subfield>
    </datafield>
    <datafield tag="952" ind1=" " ind2=" ">
      <subfield code="a">BIB_RECT</subfield>
      <subfield code="b">BIB_UACO</subfield>
      <subfield code="d">2016-04-13</subfield>
      <subfield code="y">BK</subfield>
      <subfield code="p">02-47777</subfield>
      <subfield code="i">02-47777</subfield>
      <subfield code="g">120</subfield>
      <subfield code="o">625.1(82) T693f</subfield>
      <subfield code="e">Secretaría de Extensión</subfield>
      <subfield code="8">CG</subfield>
    </datafield>
    <datafield tag="952" ind1=" " ind2=" ">
      <subfield code="a">BIB_RECT</subfield>
      <subfield code="b">BIB_UACO</subfield>
      <subfield code="d">2016-04-13</subfield>
      <subfield code="y">BK</subfield>
      <subfield code="p">02-47778</subfield>
      <subfield code="i">02-47778</subfield>
      <subfield code="g">120</subfield>
      <subfield code="o">625.1(82) T693f</subfield>
      <subfield code="e">Secretaría de Extensión</subfield>
      <subfield code="8">CG</subfield>
    </datafield>
    <datafield tag="952" ind1=" " ind2=" ">
      <subfield code="a">BIB_RECT</subfield>
      <subfield code="b">BIB_UART</subfield>
      <subfield code="d">2016-04-18</subfield>
      <subfield code="y">BK</subfield>
      <subfield code="p">03-47812</subfield>
      <subfield code="i">03-47812</subfield>
      <subfield code="g">120</subfield>
      <subfield code="o">625.1(82) T693f</subfield>
      <subfield code="e">Secretaría de Extensión</subfield>
      <subfield code="8">CG</subfield>
    </datafield>
    <datafield tag="952" ind1=" " ind2=" ">
      <subfield code="a">BIB_RECT</subfield>
      <subfield code="b">BIB_UART</subfield>
      <subfield code="d">2016-04-18</subfield>
      <subfield code="y">BK</subfield>
      <subfield code="p">03-47813</subfield>
      <subfield code="i">03-47813</subfield>
      <subfield code="g">120</subfield>
      <subfield code="o">625.1(82) T693f</subfield>
      <subfield code="e">Secretaría de Extensión</subfield>
      <subfield code="8">CG</subfield>
    </datafield>
    <datafield tag="952" ind1=" " ind2=" ">
      <subfield code="a">BIB_RECT</subfield>
      <subfield code="b">BIB_UART</subfield>
      <subfield code="d">2016-04-18</subfield>
      <subfield code="y">BK</subfield>
      <subfield code="p">03-47814</subfield>
      <subfield code="i">03-47814</subfield>
      <subfield code="g">120</subfield>
      <subfield code="o">625.1(82) T693f</subfield>
      <subfield code="e">Secretaría de Extensión</subfield>
      <subfield code="8">CG</subfield>
    </datafield>
    <datafield tag="952" ind1=" " ind2=" ">
      <subfield code="a">BIB_RECT</subfield>
      <subfield code="b">BIB_UASJ</subfield>
      <subfield code="d">2016-04-14</subfield>
      <subfield code="y">BK</subfield>
      <subfield code="p">04-44794</subfield>
      <subfield code="i">04-44794</subfield>
      <subfield code="g">120</subfield>
      <subfield code="o">625.1(82) T693f</subfield>
      <subfield code="e">Secretaría de Extensión</subfield>
      <subfield code="8">CG</subfield>
    </datafield>
    <datafield tag="952" ind1=" " ind2=" ">
      <subfield code="a">BIB_RECT</subfield>
      <subfield code="b">BIB_UASJ</subfield>
      <subfield code="d">2016-04-14</subfield>
      <subfield code="y">BK</subfield>
      <subfield code="p">04-47795</subfield>
      <subfield code="i">04-47795</subfield>
      <subfield code="g">120</subfield>
      <subfield code="o">625.1(82) T693f</subfield>
      <subfield code="e">Secretaría de Extensión</subfield>
      <subfield code="8">CG</subfield>
    </datafield>
    <datafield tag="952" ind1=" " ind2=" ">
      <subfield code="a">BIB_RECT</subfield>
      <subfield code="b">BIB_UASJ</subfield>
      <subfield code="d">2016-04-14</subfield>
      <subfield code="y">BK</subfield>
      <subfield code="p">04-47796</subfield>
      <subfield code="i">04-47796</subfield>
      <subfield code="g">120</subfield>
      <subfield code="o">625.1(82) T693f</subfield>
      <subfield code="e">Secretaría de Extensión</subfield>
      <subfield code="8">CG</subfield>
    </datafield>
    <datafield tag="952" ind1=" " ind2=" ">
      <subfield code="a">BIB_RECT</subfield>
      <subfield code="b">BIB_UARG</subfield>
      <subfield code="d">2016-04-07</subfield>
      <subfield code="y">BK</subfield>
      <subfield code="p">05-47758</subfield>
      <subfield code="i">05-47758</subfield>
      <subfield code="g">120</subfield>
      <subfield code="o">625.1(82) T693f</subfield>
      <subfield code="e">Secretaría de Extensión</subfield>
      <subfield code="8">CG</subfield>
    </datafield>
    <datafield tag="952" ind1=" " ind2=" ">
      <subfield code="a">BIB_RECT</subfield>
      <subfield code="b">BIB_UARG</subfield>
      <subfield code="d">2016-04-07</subfield>
      <subfield code="y">BK</subfield>
      <subfield code="p">05-47759</subfield>
      <subfield code="i">05-47759</subfield>
      <subfield code="g">120</subfield>
      <subfield code="o">625.1(82) T693f</subfield>
      <subfield code="e">Secretaría de Extensión</subfield>
      <subfield code="8">CG</subfield>
    </datafield>
    <datafield tag="952" ind1=" " ind2=" ">
      <subfield code="a">BIB_RECT</subfield>
      <subfield code="b">BIB_UARG</subfield>
      <subfield code="d">2016-04-07</subfield>
      <subfield code="y">BK</subfield>
      <subfield code="p">05-47760</subfield>
      <subfield code="i">05-47760</subfield>
      <subfield code="g">120</subfield>
      <subfield code="o">625.1(82) T693f</subfield>
      <subfield code="e">Secretaría de Extensión</subfield>
      <subfield code="8">CG</subfield>
    </datafield>
    <datafield tag="952" ind1=" " ind2=" ">
      <subfield code="a">BIB_RECT</subfield>
      <subfield code="b">SAT_TRUN</subfield>
      <subfield code="d">2016-04-21</subfield>
      <subfield code="y">BK</subfield>
      <subfield code="p">10-47845</subfield>
      <subfield code="i">10-47845</subfield>
      <subfield code="g">120</subfield>
      <subfield code="o">625.1(82) T693f</subfield>
      <subfield code="e">Secretaría de Extensión</subfield>
      <subfield code="8">CG</subfield>
    </datafield>
    <datafield tag="952" ind1=" " ind2=" ">
      <subfield code="a">BIB_RECT</subfield>
      <subfield code="b">SAT_PBNA</subfield>
      <subfield code="d">2016-04-25</subfield>
      <subfield code="y">BK</subfield>
      <subfield code="p">11-47886</subfield>
      <subfield code="i">11-47886</subfield>
      <subfield code="g">120</subfield>
      <subfield code="o">625.1(82) T693f</subfield>
      <subfield code="e">Secretaría de Extensión</subfield>
      <subfield code="8">CG</subfield>
    </datafield>
    <datafield tag="952" ind1=" " ind2=" ">
      <subfield code="a">BIB_RECT</subfield>
      <subfield code="b">BIB_RECT</subfield>
      <subfield code="d">2016-04-25</subfield>
      <subfield code="y">BK</subfield>
      <subfield code="p">12-47862</subfield>
      <subfield code="i">12-47862</subfield>
      <subfield code="g">120</subfield>
      <subfield code="o">625.1(82) T693f</subfield>
      <subfield code="e">Secretaría de Extensión</subfield>
      <subfield code="8">CG</subfield>
    </datafield>
    <datafield tag="952" ind1=" " ind2=" ">
      <subfield code="a">BIB_RECT</subfield>
      <subfield code="b">BIB_RECT</subfield>
      <subfield code="d">2016-04-21</subfield>
      <subfield code="y">BK</subfield>
      <subfield code="p">15-47856</subfield>
      <subfield code="i">15-47856</subfield>
      <subfield code="g">180</subfield>
      <subfield code="o">625.1(82) T693f</subfield>
      <subfield code="e">Secretaría de Extensión</subfield>
      <subfield code="8">CG</subfield>
    </datafield>
    <datafield tag="952" ind1=" " ind2=" ">
      <subfield code="a">BIB_RECT</subfield>
      <subfield code="b">SAT_PDES</subfield>
      <subfield code="d">2016-04-21</subfield>
      <subfield code="y">BK</subfield>
      <subfield code="p">16-47851</subfield>
      <subfield code="i">16-47851</subfield>
      <subfield code="g">120</subfield>
      <subfield code="o">625.1(82) T693f</subfield>
      <subfield code="e">Secretaría de Extensión</subfield>
      <subfield code="8">CG</subfield>
    </datafield>
    <datafield tag="952" ind1=" " ind2=" ">
      <subfield code="a">BIB_RECT</subfield>
      <subfield code="b">BIB_RECT</subfield>
      <subfield code="d">2016-04-25</subfield>
      <subfield code="y">BK</subfield>
      <subfield code="p">17-47874</subfield>
      <subfield code="i">17-47874</subfield>
      <subfield code="g">120</subfield>
      <subfield code="o">625.1(82) T693f</subfield>
      <subfield code="e">Secretaría de Extensión</subfield>
      <subfield code="8">CG</subfield>
    </datafield>
    <datafield tag="952" ind1=" " ind2=" ">
      <subfield code="a">BIB_RECT</subfield>
      <subfield code="b">SAT_GREG</subfield>
      <subfield code="d">2016-04-25</subfield>
      <subfield code="y">BK</subfield>
      <subfield code="p">18-47868</subfield>
      <subfield code="i">18-47868</subfield>
      <subfield code="g">120</subfield>
      <subfield code="o">625.1(82) T693f</subfield>
      <subfield code="e">Secretaría de Extensión</subfield>
      <subfield code="8">CG</subfield>
    </datafield>
    <datafield tag="952" ind1=" " ind2=" ">
      <subfield code="a">BIB_RECT</subfield>
      <subfield code="b">BIB_RECT</subfield>
      <subfield code="d">2016-04-25</subfield>
      <subfield code="y">BK</subfield>
      <subfield code="p">19-47880</subfield>
      <subfield code="i">19-47880</subfield>
      <subfield code="g">120</subfield>
      <subfield code="o">625.1(82) T693f</subfield>
      <subfield code="e">Secretaría de Extensión</subfield>
      <subfield code="8">CG</subfield>
    </datafield>
  </record>