
  <record>
    <leader>01000aam  22002601a 4500</leader>
    <controlfield tag="001">YPZ100003</controlfield>
    <controlfield tag="003">YPZ</controlfield>
    <controlfield tag="005">201604081827480</controlfield>
    <controlfield tag="008">160408|###########||||||b||||||||||spa|d</controlfield>
    <datafield tag="020" ind1=" " ind2=" ">
      <subfield code="a">9789873714122</subfield>
    </datafield>
    <datafield tag="040" ind1=" " ind2=" ">
      <subfield code="c">SIUNPA</subfield>
    </datafield>
    <datafield tag="041" ind1=" " ind2=" ">
      <subfield code="a">spa</subfield>
    </datafield>
    <datafield tag="044" ind1=" " ind2=" ">
      <subfield code="a">AR</subfield>
    </datafield>
    <datafield tag="080" ind1=" " ind2=" ">
      <subfield code="a">338.1 D618d</subfield>
    </datafield>
    <datafield tag="100" ind1=" " ind2=" ">
      <subfield code="a">Lurbé, Mario.</subfield>
    </datafield>
    <datafield tag="700" ind1=" " ind2=" ">
      <subfield code="a">Cicciari, María Rosa.</subfield>
    </datafield>
    <datafield tag="700" ind1=" " ind2=" ">
      <subfield code="a">Williams, Marcos.</subfield>
    </datafield>
    <datafield tag="700" ind1=" " ind2=" ">
      <subfield code="a">Navarro, Viviana.</subfield>
    </datafield>
    <datafield tag="700" ind1=" " ind2=" ">
      <subfield code="a">Prado, Mariano.</subfield>
    </datafield>
    <datafield tag="700" ind1=" " ind2=" ">
      <subfield code="a">Robledo, Marcelo.</subfield>
    </datafield>
    <datafield tag="700" ind1=" " ind2=" ">
      <subfield code="a">Villanueva, Natalia.</subfield>
    </datafield>
    <datafield tag="700" ind1=" " ind2=" ">
      <subfield code="a">Antola, Alfredo.</subfield>
    </datafield>
    <datafield tag="700" ind1=" " ind2=" ">
      <subfield code="a">Santich, Fabián.</subfield>
    </datafield>
    <datafield tag="700" ind1=" " ind2=" ">
      <subfield code="a">López, Gladys.</subfield>
    </datafield>
    <datafield tag="700" ind1=" " ind2=" ">
      <subfield code="a">Agulla, Alejandro.</subfield>
    </datafield>
    <datafield tag="700" ind1=" " ind2=" ">
      <subfield code="a">Blasco, Denise.</subfield>
    </datafield>
    <datafield tag="245" ind1=" " ind2=" ">
      <subfield code="a">La diversificación productiva en Santa Cruz para la superación del modelo de estado rentista</subfield>
      <subfield code="c"> / Vacca, Carlos, comp. ; Schinelli, Daniel, comp.</subfield>
    </datafield>
    <datafield tag="250" ind1=" " ind2=" ">
      <subfield code="a">1a ed.</subfield>
    </datafield>
    <datafield tag="260" ind1=" " ind2=" ">
      <subfield code="a">Buenos Aires</subfield>
      <subfield code="b"> : Universidad Nacional de la Patagonia Austral, UNPAedita</subfield>
      <subfield code="c"> , 2015</subfield>
    </datafield>
    <datafield tag="650" ind1=" " ind2=" ">
      <subfield code="a"> ECONOMIA REGIONAL</subfield>
    </datafield>
    <datafield tag="650" ind1=" " ind2=" ">
      <subfield code="a"> DESARROLLO ECONOMICO Y SOCIAL</subfield>
    </datafield>
    <datafield tag="650" ind1=" " ind2=" ">
      <subfield code="a"> MERCADO LABORAL </subfield>
    </datafield>
    <datafield tag="650" ind1=" " ind2=" ">
      <subfield code="a"> DESARROLLO REGIONAL</subfield>
    </datafield>
    <datafield tag="650" ind1=" " ind2=" ">
      <subfield code="a"> REGION PATAGONICA</subfield>
    </datafield>
    <datafield tag="650" ind1=" " ind2=" ">
      <subfield code="a"> SANTA CRUZ (ARGENTINA)</subfield>
    </datafield>
    <datafield tag="942" ind1=" " ind2=" ">
      <subfield code="c">BK</subfield>
    </datafield>
    <datafield tag="952" ind1=" " ind2=" ">
      <subfield code="a">BIB_RECT</subfield>
      <subfield code="b">BIB_UACO</subfield>
      <subfield code="d">2016-04-13</subfield>
      <subfield code="y">BK</subfield>
      <subfield code="p">02-47764</subfield>
      <subfield code="i">02-47764</subfield>
      <subfield code="g">120</subfield>
      <subfield code="o">338.1 D618d</subfield>
      <subfield code="e">Secretaría de Extensión</subfield>
      <subfield code="8">CG</subfield>
    </datafield>
    <datafield tag="952" ind1=" " ind2=" ">
      <subfield code="a">BIB_RECT</subfield>
      <subfield code="b">BIB_UACO</subfield>
      <subfield code="d">2016-04-13</subfield>
      <subfield code="y">BK</subfield>
      <subfield code="p">02-47765</subfield>
      <subfield code="i">02-47765</subfield>
      <subfield code="g">120</subfield>
      <subfield code="o">338.1 D618d</subfield>
      <subfield code="e">Secretaría de Extensión</subfield>
      <subfield code="8">CG</subfield>
    </datafield>
    <datafield tag="952" ind1=" " ind2=" ">
      <subfield code="a">BIB_RECT</subfield>
      <subfield code="b">BIB_UACO</subfield>
      <subfield code="d">2016-04-13</subfield>
      <subfield code="y">BK</subfield>
      <subfield code="p">02-47766</subfield>
      <subfield code="i">02-47766</subfield>
      <subfield code="g">120</subfield>
      <subfield code="o">338.1 D618d</subfield>
      <subfield code="e">Secretaría de Extensión</subfield>
      <subfield code="8">CG</subfield>
    </datafield>
    <datafield tag="952" ind1=" " ind2=" ">
      <subfield code="a">BIB_RECT</subfield>
      <subfield code="b">BIB_UART</subfield>
      <subfield code="d">2016-04-18</subfield>
      <subfield code="y">BK</subfield>
      <subfield code="p">03-47800</subfield>
      <subfield code="i">03-47800</subfield>
      <subfield code="g">120</subfield>
      <subfield code="o">338.1 D618d</subfield>
      <subfield code="e">Secretaría de Extensión</subfield>
      <subfield code="8">CG</subfield>
    </datafield>
    <datafield tag="952" ind1=" " ind2=" ">
      <subfield code="a">BIB_RECT</subfield>
      <subfield code="b">BIB_UART</subfield>
      <subfield code="d">2016-04-18</subfield>
      <subfield code="y">BK</subfield>
      <subfield code="p">03-47801</subfield>
      <subfield code="i">03-47801</subfield>
      <subfield code="g">120</subfield>
      <subfield code="o">338.1 D618d</subfield>
      <subfield code="e">Secretaría de Extensión</subfield>
      <subfield code="8">CG</subfield>
    </datafield>
    <datafield tag="952" ind1=" " ind2=" ">
      <subfield code="a">BIB_RECT</subfield>
      <subfield code="b">BIB_UART</subfield>
      <subfield code="d">2016-04-18</subfield>
      <subfield code="y">BK</subfield>
      <subfield code="p">03-47802</subfield>
      <subfield code="i">03-47802</subfield>
      <subfield code="g">120</subfield>
      <subfield code="o">338.1 D618d</subfield>
      <subfield code="e">Secretaría de Extensión</subfield>
      <subfield code="8">CG</subfield>
    </datafield>
    <datafield tag="952" ind1=" " ind2=" ">
      <subfield code="a">BIB_RECT</subfield>
      <subfield code="b">BIB_UASJ</subfield>
      <subfield code="d">2016-04-14</subfield>
      <subfield code="y">BK</subfield>
      <subfield code="p">04-47782</subfield>
      <subfield code="i">04-47782</subfield>
      <subfield code="g">120</subfield>
      <subfield code="o">338.1 D618d</subfield>
      <subfield code="e">Secretaría de Extensión</subfield>
      <subfield code="8">CG</subfield>
    </datafield>
    <datafield tag="952" ind1=" " ind2=" ">
      <subfield code="a">BIB_RECT</subfield>
      <subfield code="b">BIB_UASJ</subfield>
      <subfield code="d">2016-04-14</subfield>
      <subfield code="y">BK</subfield>
      <subfield code="p">04-47783</subfield>
      <subfield code="i">04-47783</subfield>
      <subfield code="g">120</subfield>
      <subfield code="o">338.1 D618d</subfield>
      <subfield code="e">Secretaría de Extensión</subfield>
      <subfield code="8">CG</subfield>
    </datafield>
    <datafield tag="952" ind1=" " ind2=" ">
      <subfield code="a">BIB_RECT</subfield>
      <subfield code="b">BIB_UASJ</subfield>
      <subfield code="d">2016-04-14</subfield>
      <subfield code="y">BK</subfield>
      <subfield code="p">04-47784</subfield>
      <subfield code="i">04-47784</subfield>
      <subfield code="g">120</subfield>
      <subfield code="o">338.1 D618d</subfield>
      <subfield code="e">Secretaría de Extensión</subfield>
      <subfield code="8">CG</subfield>
    </datafield>
    <datafield tag="952" ind1=" " ind2=" ">
      <subfield code="a">BIB_RECT</subfield>
      <subfield code="b">BIB_UARG</subfield>
      <subfield code="d">2016-04-07</subfield>
      <subfield code="y">BK</subfield>
      <subfield code="p">05-47746</subfield>
      <subfield code="i">05-47746</subfield>
      <subfield code="g">120</subfield>
      <subfield code="o">338.1 D618d</subfield>
      <subfield code="e">Secretaría de Extensión</subfield>
      <subfield code="8">CG</subfield>
    </datafield>
    <datafield tag="952" ind1=" " ind2=" ">
      <subfield code="a">BIB_RECT</subfield>
      <subfield code="b">BIB_UARG</subfield>
      <subfield code="d">2016-04-07</subfield>
      <subfield code="y">BK</subfield>
      <subfield code="p">05-47747</subfield>
      <subfield code="i">05-47747</subfield>
      <subfield code="g">120</subfield>
      <subfield code="o">338.1 D618d</subfield>
      <subfield code="e">Secretaría de Extensión</subfield>
      <subfield code="8">CG</subfield>
    </datafield>
    <datafield tag="952" ind1=" " ind2=" ">
      <subfield code="a">BIB_RECT</subfield>
      <subfield code="b">BIB_UARG</subfield>
      <subfield code="d">2016-04-07</subfield>
      <subfield code="y">BK</subfield>
      <subfield code="p">05-47748</subfield>
      <subfield code="i">05-47748</subfield>
      <subfield code="g">120</subfield>
      <subfield code="o">338.1 D618d</subfield>
      <subfield code="e">Secretaría de Extensión</subfield>
      <subfield code="8">CG</subfield>
    </datafield>
    <datafield tag="952" ind1=" " ind2=" ">
      <subfield code="a">BIB_RECT</subfield>
      <subfield code="b">SAT_TRUN</subfield>
      <subfield code="d">2016-04-21</subfield>
      <subfield code="y">BK</subfield>
      <subfield code="p">10-47841</subfield>
      <subfield code="i">10-47841</subfield>
      <subfield code="g">120</subfield>
      <subfield code="o">338.1 D618d</subfield>
      <subfield code="e">Secretaría de Extensión</subfield>
      <subfield code="8">CG</subfield>
    </datafield>
    <datafield tag="952" ind1=" " ind2=" ">
      <subfield code="a">BIB_RECT</subfield>
      <subfield code="b">SAT_PBNA</subfield>
      <subfield code="d">2016-04-25</subfield>
      <subfield code="y">BK</subfield>
      <subfield code="p">11-47883</subfield>
      <subfield code="i">11-47883</subfield>
      <subfield code="g">120</subfield>
      <subfield code="o">338.1 D618d</subfield>
      <subfield code="e">Secretaría de Extensión</subfield>
      <subfield code="8">CG</subfield>
    </datafield>
    <datafield tag="952" ind1=" " ind2=" ">
      <subfield code="a">BIB_RECT</subfield>
      <subfield code="b">BIB_RECT</subfield>
      <subfield code="d">2016-04-25</subfield>
      <subfield code="y">BK</subfield>
      <subfield code="p">12-47859</subfield>
      <subfield code="i">12-47859</subfield>
      <subfield code="g">120</subfield>
      <subfield code="o">338.1 D618d</subfield>
      <subfield code="e">Secretaría de Extensión</subfield>
      <subfield code="8">CG</subfield>
    </datafield>
    <datafield tag="952" ind1=" " ind2=" ">
      <subfield code="a">BIB_RECT</subfield>
      <subfield code="b">BIB_RECT</subfield>
      <subfield code="d">2016-04-21</subfield>
      <subfield code="y">BK</subfield>
      <subfield code="p">15-47853</subfield>
      <subfield code="i">15-47853</subfield>
      <subfield code="g">120</subfield>
      <subfield code="o">338.1 D618d</subfield>
      <subfield code="e">Secretaría de Extensión</subfield>
      <subfield code="8">CG</subfield>
    </datafield>
    <datafield tag="952" ind1=" " ind2=" ">
      <subfield code="a">BIB_RECT</subfield>
      <subfield code="b">SAT_PDES</subfield>
      <subfield code="d">2016-04-21</subfield>
      <subfield code="y">BK</subfield>
      <subfield code="p">16-47847</subfield>
      <subfield code="i">16-47847</subfield>
      <subfield code="g">120</subfield>
      <subfield code="o">338.1 D618d</subfield>
      <subfield code="e">Secretaría de Extensión</subfield>
      <subfield code="8">CG</subfield>
    </datafield>
    <datafield tag="952" ind1=" " ind2=" ">
      <subfield code="a">BIB_RECT</subfield>
      <subfield code="b">BIB_RECT</subfield>
      <subfield code="d">2016-04-25</subfield>
      <subfield code="y">BK</subfield>
      <subfield code="p">17-47871</subfield>
      <subfield code="i">17-47871</subfield>
      <subfield code="g">120</subfield>
      <subfield code="o">338.1 D618d</subfield>
      <subfield code="e">Secretaría de Extensión</subfield>
      <subfield code="8">CG</subfield>
    </datafield>
    <datafield tag="952" ind1=" " ind2=" ">
      <subfield code="a">BIB_RECT</subfield>
      <subfield code="b">SAT_GREG</subfield>
      <subfield code="d">2016-04-25</subfield>
      <subfield code="y">BK</subfield>
      <subfield code="p">18-47865</subfield>
      <subfield code="i">18-47865</subfield>
      <subfield code="g">120</subfield>
      <subfield code="o">338.1 D618d</subfield>
      <subfield code="e">Secretaría de Extensión</subfield>
      <subfield code="8">CG</subfield>
    </datafield>
    <datafield tag="952" ind1=" " ind2=" ">
      <subfield code="a">BIB_RECT</subfield>
      <subfield code="b">BIB_RECT</subfield>
      <subfield code="d">2016-04-25</subfield>
      <subfield code="y">BK</subfield>
      <subfield code="p">19-47877</subfield>
      <subfield code="i">19-47877</subfield>
      <subfield code="g">120</subfield>
      <subfield code="o">338.1 D618d</subfield>
      <subfield code="e">Secretaría de Extensión</subfield>
      <subfield code="8">CG</subfield>
    </datafield>
  </record>