
  <record>
    <leader>01000aam  22002601a 4500</leader>
    <controlfield tag="001">YPZ100016</controlfield>
    <controlfield tag="003">YPZ</controlfield>
    <controlfield tag="005">201604260926420</controlfield>
    <controlfield tag="008">160426|###########||||||b||||||||||spa|d</controlfield>
    <datafield tag="020" ind1=" " ind2=" ">
      <subfield code="a">8430603395 (t.1)</subfield>
    </datafield>
    <datafield tag="020" ind1=" " ind2=" ">
      <subfield code="a">8430603409 (t.2)</subfield>
    </datafield>
    <datafield tag="020" ind1=" " ind2=" ">
      <subfield code="a">8430603417 (o.c.)</subfield>
    </datafield>
    <datafield tag="040" ind1=" " ind2=" ">
      <subfield code="c">SIUNPA</subfield>
    </datafield>
    <datafield tag="041" ind1=" " ind2=" ">
      <subfield code="a">spa</subfield>
    </datafield>
    <datafield tag="044" ind1=" " ind2=" ">
      <subfield code="a">ES</subfield>
    </datafield>
    <datafield tag="080" ind1=" " ind2=" ">
      <subfield code="a">316.28 H114t</subfield>
    </datafield>
    <datafield tag="100" ind1=" " ind2=" ">
      <subfield code="a">Habermas, Jürgen.</subfield>
    </datafield>
    <datafield tag="245" ind1=" " ind2=" ">
      <subfield code="a">Teoría de la acción comunicativa</subfield>
    </datafield>
    <datafield tag="260" ind1=" " ind2=" ">
      <subfield code="a">Madrid</subfield>
      <subfield code="b"> : Taurus</subfield>
      <subfield code="c"> , c1998</subfield>
    </datafield>
    <datafield tag="500" ind1=" " ind2=" ">
      <subfield code="a">El año de edición varía según el ejemplar</subfield>
    </datafield>
    <datafield tag="505" ind1=" " ind2=" ">
      <subfield code="a">Contiene: t.1. Racionalidad de la acción y racionalización social -- t.2. Crítica de la razón funcionalista</subfield>
    </datafield>
    <datafield tag="650" ind1=" " ind2=" ">
      <subfield code="a"> TEORIA DE LA COMUNICACION</subfield>
    </datafield>
    <datafield tag="650" ind1=" " ind2=" ">
      <subfield code="a"> SOCIOLOGIA DE LA COMUNICACION</subfield>
    </datafield>
    <datafield tag="942" ind1=" " ind2=" ">
      <subfield code="c">BK</subfield>
    </datafield>
    <datafield tag="952" ind1=" " ind2=" ">
      <subfield code="a">BIB_RECT</subfield>
      <subfield code="b">BIB_UACO</subfield>
      <subfield code="d">2016-04-26</subfield>
      <subfield code="y">BK</subfield>
      <subfield code="p">02-06785</subfield>
      <subfield code="i">02-06785</subfield>
      <subfield code="g">450</subfield>
      <subfield code="o">316.28 H114t</subfield>
      <subfield code="e">Compara SIUNPA</subfield>
      <subfield code="8">CG</subfield>
    </datafield>
    <datafield tag="952" ind1=" " ind2=" ">
      <subfield code="a">BIB_RECT</subfield>
      <subfield code="b">BIB_UACO</subfield>
      <subfield code="d">2016-04-26</subfield>
      <subfield code="y">BK</subfield>
      <subfield code="p">02-06786</subfield>
      <subfield code="i">02-06786</subfield>
      <subfield code="g">450</subfield>
      <subfield code="o">316.28 H114t</subfield>
      <subfield code="e">Compara SIUNPA</subfield>
      <subfield code="8">CG</subfield>
    </datafield>
    <datafield tag="952" ind1=" " ind2=" ">
      <subfield code="a">BIB_RECT</subfield>
      <subfield code="b">BIB_UACO</subfield>
      <subfield code="d">2016-04-26</subfield>
      <subfield code="y">BK</subfield>
      <subfield code="p">02-06787</subfield>
      <subfield code="i">02-06787</subfield>
      <subfield code="g">450</subfield>
      <subfield code="o">316.28 H114t</subfield>
      <subfield code="e">Compara SIUNPA</subfield>
      <subfield code="8">CG</subfield>
    </datafield>
    <datafield tag="952" ind1=" " ind2=" ">
      <subfield code="a">BIB_RECT</subfield>
      <subfield code="b">BIB_UACO</subfield>
      <subfield code="d">2016-04-26</subfield>
      <subfield code="y">BK</subfield>
      <subfield code="p">02-06788</subfield>
      <subfield code="i">02-06788</subfield>
      <subfield code="g">450</subfield>
      <subfield code="o">316.28 H114t</subfield>
      <subfield code="e">Compara SIUNPA</subfield>
      <subfield code="8">CG</subfield>
    </datafield>
    <datafield tag="952" ind1=" " ind2=" ">
      <subfield code="a">BIB_RECT</subfield>
      <subfield code="b">BIB_UACO</subfield>
      <subfield code="d">2016-04-26</subfield>
      <subfield code="y">BK</subfield>
      <subfield code="p">02-06789</subfield>
      <subfield code="i">02-06789</subfield>
      <subfield code="g">450</subfield>
      <subfield code="o">316.28 H114t</subfield>
      <subfield code="e">Compara SIUNPA</subfield>
      <subfield code="8">CG</subfield>
    </datafield>
    <datafield tag="952" ind1=" " ind2=" ">
      <subfield code="a">BIB_RECT</subfield>
      <subfield code="b">BIB_UACO</subfield>
      <subfield code="d">2016-04-26</subfield>
      <subfield code="y">BK</subfield>
      <subfield code="p">02-06790</subfield>
      <subfield code="i">02-06790</subfield>
      <subfield code="g">450</subfield>
      <subfield code="o">316.28 H114t</subfield>
      <subfield code="e">Compara SIUNPA</subfield>
      <subfield code="8">CG</subfield>
    </datafield>
    <datafield tag="952" ind1=" " ind2=" ">
      <subfield code="a">BIB_RECT</subfield>
      <subfield code="b">BIB_UACO</subfield>
      <subfield code="d">2016-04-26</subfield>
      <subfield code="y">BK</subfield>
      <subfield code="p">02-06791</subfield>
      <subfield code="i">02-06791</subfield>
      <subfield code="g">450</subfield>
      <subfield code="o">316.28 H114t</subfield>
      <subfield code="e">Compara SIUNPA</subfield>
      <subfield code="8">CG</subfield>
    </datafield>
    <datafield tag="952" ind1=" " ind2=" ">
      <subfield code="a">BIB_RECT</subfield>
      <subfield code="b">BIB_UACO</subfield>
      <subfield code="d">2016-04-26</subfield>
      <subfield code="y">BK</subfield>
      <subfield code="p">02-06792</subfield>
      <subfield code="i">02-06792</subfield>
      <subfield code="g">450</subfield>
      <subfield code="o">316.28 H114t</subfield>
      <subfield code="e">Compara SIUNPA</subfield>
      <subfield code="8">CG</subfield>
    </datafield>
  </record>