
  <record>
    <leader>01000aam  22002601a 4500</leader>
    <controlfield tag="001">YPZ100017</controlfield>
    <controlfield tag="003">YPZ</controlfield>
    <controlfield tag="005">201605020909350</controlfield>
    <controlfield tag="008">160502|###########||||||b||||||||||spa|d</controlfield>
    <datafield tag="020" ind1=" " ind2=" ">
      <subfield code="a">9789871407903</subfield>
    </datafield>
    <datafield tag="040" ind1=" " ind2=" ">
      <subfield code="c">SIUNPA</subfield>
    </datafield>
    <datafield tag="041" ind1=" " ind2=" ">
      <subfield code="a">spa</subfield>
    </datafield>
    <datafield tag="044" ind1=" " ind2=" ">
      <subfield code="a">AR</subfield>
    </datafield>
    <datafield tag="080" ind1=" " ind2=" ">
      <subfield code="a">94(82) H887hu</subfield>
    </datafield>
    <datafield tag="245" ind1=" " ind2=" ">
      <subfield code="a">Las huelgas patagónicas de 1921-1922</subfield>
      <subfield code="b"> : la fealdad de los pobres</subfield>
    </datafield>
    <datafield tag="260" ind1=" " ind2=" ">
      <subfield code="a">Buenos Aires</subfield>
      <subfield code="b"> : Ministerio de Justicia y Derechos Humanos de la Nación. Archivo Nacional de la Memoria</subfield>
      <subfield code="c"> , 2015</subfield>
    </datafield>
    <datafield tag="440" ind1=" " ind2=" ">
      <subfield code="a">Los libros de Fundación Patagonia Tercer Milenio</subfield>
      <subfield code="a">Los libros de Fundación Patagonia Tercer Milenio</subfield>
      <subfield code="a">Los libros de Fundación Patagonia Tercer Milenio</subfield>
      <subfield code="a">Los libros de Fundación Patagonia Tercer Milenio</subfield>
      <subfield code="a">Humanidades/Filosofía</subfield>
      <subfield code="a">Cuadernos del Archivo Nacional de la Memoria</subfield>
      <subfield code="v">no. 5</subfield>
    </datafield>
    <datafield tag="490" ind1=" " ind2=" ">
      <subfield code="a">Los libros de Fundación Patagonia Tercer Milenio</subfield>
      <subfield code="a">Los libros de Fundación Patagonia Tercer Milenio</subfield>
      <subfield code="a">Los libros de Fundación Patagonia Tercer Milenio</subfield>
      <subfield code="a">Los libros de Fundación Patagonia Tercer Milenio</subfield>
      <subfield code="a">Humanidades/Filosofía</subfield>
      <subfield code="a">Cuadernos del Archivo Nacional de la Memoria</subfield>
      <subfield code="v">no. 5</subfield>
    </datafield>
    <datafield tag="650" ind1=" " ind2=" ">
      <subfield code="a"> HISTORIA ARGENTINA</subfield>
    </datafield>
    <datafield tag="650" ind1=" " ind2=" ">
      <subfield code="a"> REGION PATAGONICA</subfield>
    </datafield>
    <datafield tag="650" ind1=" " ind2=" ">
      <subfield code="a"> TRABAJADORES </subfield>
    </datafield>
    <datafield tag="650" ind1=" " ind2=" ">
      <subfield code="a"> HUELGA</subfield>
    </datafield>
    <datafield tag="650" ind1=" " ind2=" ">
      <subfield code="a"> HISTORIA DE SANTA CRUZ</subfield>
    </datafield>
    <datafield tag="942" ind1=" " ind2=" ">
      <subfield code="c">BK</subfield>
    </datafield>
    <datafield tag="952" ind1=" " ind2=" ">
      <subfield code="a">BIB_RECT</subfield>
      <subfield code="b">BIB_UARG</subfield>
      <subfield code="d">2016-05-02</subfield>
      <subfield code="y">BK</subfield>
      <subfield code="p">05-47895</subfield>
      <subfield code="i">05-47895</subfield>
      <subfield code="g">130</subfield>
      <subfield code="o">94(82) H887hu</subfield>
      <subfield code="e">Súnico. Alejandro</subfield>
      <subfield code="8">CG</subfield>
    </datafield>
    <datafield tag="952" ind1=" " ind2=" ">
      <subfield code="a">BIB_RECT</subfield>
      <subfield code="b">BIB_UARG</subfield>
      <subfield code="d">2016-05-02</subfield>
      <subfield code="y">BK</subfield>
      <subfield code="p">05-47896</subfield>
      <subfield code="i">05-47896</subfield>
      <subfield code="g">130</subfield>
      <subfield code="o">94(82) H887hu</subfield>
      <subfield code="e">Súnico. Alejandro</subfield>
      <subfield code="8">CG</subfield>
    </datafield>
    <datafield tag="952" ind1=" " ind2=" ">
      <subfield code="a">BIB_RECT</subfield>
      <subfield code="b">BIB_UARG</subfield>
      <subfield code="d">2016-05-02</subfield>
      <subfield code="y">BK</subfield>
      <subfield code="p">05-47897</subfield>
      <subfield code="i">05-47897</subfield>
      <subfield code="g">130</subfield>
      <subfield code="o">94(82) H887hu</subfield>
      <subfield code="e">Súnico. Alejandro</subfield>
      <subfield code="8">CG</subfield>
    </datafield>
  </record>