
  <record>
    <leader>01000aam  22002601a 4500</leader>
    <controlfield tag="001">YPZ100022</controlfield>
    <controlfield tag="003">YPZ</controlfield>
    <controlfield tag="005">201605031333140</controlfield>
    <controlfield tag="008">160503|###########||||||b||||||||||spa|d</controlfield>
    <datafield tag="020" ind1=" " ind2=" ">
      <subfield code="a">9688800171</subfield>
    </datafield>
    <datafield tag="040" ind1=" " ind2=" ">
      <subfield code="c">SIUNPA</subfield>
    </datafield>
    <datafield tag="041" ind1=" " ind2=" ">
      <subfield code="a">spa</subfield>
    </datafield>
    <datafield tag="044" ind1=" " ind2=" ">
      <subfield code="a">MX</subfield>
    </datafield>
    <datafield tag="080" ind1=" " ind2=" ">
      <subfield code="a">004.65 M381o</subfield>
    </datafield>
    <datafield tag="100" ind1=" " ind2=" ">
      <subfield code="a">Martin, James.</subfield>
    </datafield>
    <datafield tag="245" ind1=" " ind2=" ">
      <subfield code="a">Organización de las bases de datos</subfield>
      <subfield code="c"> / Di Marco, Adolfo, tr. y adaptación ; Westendarp C., Luis, asesores técnicos ; Yockteng M., Víctor R., asesores técnicos</subfield>
    </datafield>
    <datafield tag="250" ind1=" " ind2=" ">
      <subfield code="a">1a ed. en español</subfield>
    </datafield>
    <datafield tag="260" ind1=" " ind2=" ">
      <subfield code="a">Naucalpan de Juárez</subfield>
      <subfield code="b"> : Prentice-Hall</subfield>
      <subfield code="c"> , 1994</subfield>
    </datafield>
    <datafield tag="500" ind1=" " ind2=" ">
      <subfield code="a">Errores de impresión en las pág. v a xv y 1 a 17 p. el ejemplar 02-04253</subfield>
    </datafield>
    <datafield tag="650" ind1=" " ind2=" ">
      <subfield code="a"> BASE DE DATOS</subfield>
    </datafield>
    <datafield tag="942" ind1=" " ind2=" ">
      <subfield code="c">BK</subfield>
    </datafield>
    <datafield tag="952" ind1=" " ind2=" ">
      <subfield code="a">BIB_RECT</subfield>
      <subfield code="b">BIB_UACO</subfield>
      <subfield code="d">2016-05-03</subfield>
      <subfield code="y">BK</subfield>
      <subfield code="p">02-02042</subfield>
      <subfield code="i">02-02042</subfield>
      <subfield code="g">250</subfield>
      <subfield code="o">004.65 M381o</subfield>
      <subfield code="e">FOMEC 97</subfield>
      <subfield code="8">CG</subfield>
    </datafield>
    <datafield tag="952" ind1=" " ind2=" ">
      <subfield code="a">BIB_RECT</subfield>
      <subfield code="b">BIB_UACO</subfield>
      <subfield code="d">2016-05-03</subfield>
      <subfield code="y">BK</subfield>
      <subfield code="p">02-04251</subfield>
      <subfield code="i">02-04251</subfield>
      <subfield code="g">250</subfield>
      <subfield code="o">004.65 M381o</subfield>
      <subfield code="e">FOMEC 97</subfield>
      <subfield code="8">CG</subfield>
    </datafield>
    <datafield tag="952" ind1=" " ind2=" ">
      <subfield code="a">BIB_RECT</subfield>
      <subfield code="b">BIB_UACO</subfield>
      <subfield code="d">2016-05-03</subfield>
      <subfield code="y">BK</subfield>
      <subfield code="p">02-04252</subfield>
      <subfield code="i">02-04252</subfield>
      <subfield code="g">250</subfield>
      <subfield code="o">004.65 M381o</subfield>
      <subfield code="e">FOMEC 97</subfield>
      <subfield code="8">CG</subfield>
    </datafield>
    <datafield tag="952" ind1=" " ind2=" ">
      <subfield code="a">BIB_RECT</subfield>
      <subfield code="b">BIB_UACO</subfield>
      <subfield code="d">2016-05-03</subfield>
      <subfield code="y">BK</subfield>
      <subfield code="p">02-04253</subfield>
      <subfield code="i">02-04253</subfield>
      <subfield code="g">250</subfield>
      <subfield code="o">004.65 M381o</subfield>
      <subfield code="e">FOMEC 97</subfield>
      <subfield code="8">CG</subfield>
    </datafield>
  </record>