
  <record>
    <leader>01000aam  22002601a 4500</leader>
    <controlfield tag="001">YPZ100037</controlfield>
    <controlfield tag="003">YPZ</controlfield>
    <controlfield tag="005">201605181001350</controlfield>
    <controlfield tag="008">160518|###########||||||b||||||||||spa|d</controlfield>
    <datafield tag="040" ind1=" " ind2=" ">
      <subfield code="c">SIUNPA</subfield>
    </datafield>
    <datafield tag="041" ind1=" " ind2=" ">
      <subfield code="a">spa</subfield>
    </datafield>
    <datafield tag="044" ind1=" " ind2=" ">
      <subfield code="a">AR</subfield>
    </datafield>
    <datafield tag="080" ind1=" " ind2=" ">
      <subfield code="a">514 D614d</subfield>
    </datafield>
    <datafield tag="245" ind1=" " ind2=" ">
      <subfield code="a">Distintas presentaciones para la geometría</subfield>
      <subfield code="c"> / Levstein, Fernando, ed. ; Olmos, Carlos, ed.</subfield>
    </datafield>
    <datafield tag="260" ind1=" " ind2=" ">
      <subfield code="a">Córboba</subfield>
      <subfield code="b"> : Facultad de Matemática, Astronomía y Física, Universidad Nacional de Córdoba</subfield>
      <subfield code="c"> , [1994]</subfield>
    </datafield>
    <datafield tag="440" ind1=" " ind2=" ">
      <subfield code="a">Serie trabajos de matemática</subfield>
      <subfield code="v">C</subfield>
    </datafield>
    <datafield tag="490" ind1=" " ind2=" ">
      <subfield code="a">Serie trabajos de matemática</subfield>
      <subfield code="v">C</subfield>
    </datafield>
    <datafield tag="650" ind1=" " ind2=" ">
      <subfield code="a"> GEOMETRIA</subfield>
    </datafield>
    <datafield tag="942" ind1=" " ind2=" ">
      <subfield code="c">BK</subfield>
    </datafield>
    <datafield tag="952" ind1=" " ind2=" ">
      <subfield code="a">BIB_RECT</subfield>
      <subfield code="b">BIB_UACO</subfield>
      <subfield code="d">2016-05-18</subfield>
      <subfield code="y">BK</subfield>
      <subfield code="p">02-47905</subfield>
      <subfield code="i">02-47905</subfield>
      <subfield code="g">90</subfield>
      <subfield code="o">514 D614d</subfield>
      <subfield code="e">Don. Prof. Gimenez, Carlos</subfield>
      <subfield code="8">CG</subfield>
    </datafield>
  </record>