
  <record>
    <leader>01000aam  22002601a 4500</leader>
    <controlfield tag="001">YPZ100057</controlfield>
    <controlfield tag="003">YPZ</controlfield>
    <controlfield tag="005">201605191132000</controlfield>
    <controlfield tag="008">160519|###########||||||b||||||||||spa|d</controlfield>
    <datafield tag="020" ind1=" " ind2=" ">
      <subfield code="a">9789871629527</subfield>
    </datafield>
    <datafield tag="040" ind1=" " ind2=" ">
      <subfield code="c">SIUNPA</subfield>
    </datafield>
    <datafield tag="041" ind1=" " ind2=" ">
      <subfield code="a">spa</subfield>
    </datafield>
    <datafield tag="044" ind1=" " ind2=" ">
      <subfield code="a">AR</subfield>
    </datafield>
    <datafield tag="080" ind1=" " ind2=" ">
      <subfield code="a">308 M297ma</subfield>
    </datafield>
    <datafield tag="245" ind1=" " ind2=" ">
      <subfield code="a">Mapa nacional de la discriminación</subfield>
      <subfield code="b"> : Santa Cruz</subfield>
    </datafield>
    <datafield tag="250" ind1=" " ind2=" ">
      <subfield code="a">1a ed.</subfield>
    </datafield>
    <datafield tag="260" ind1=" " ind2=" ">
      <subfield code="a">Buenos Aires</subfield>
      <subfield code="b"> : Instituto Nacional contra la Discriminación la Xenofobia y el Racismo, INADI</subfield>
      <subfield code="c"> , 2015</subfield>
    </datafield>
    <datafield tag="500" ind1=" " ind2=" ">
      <subfield code="a">En portada: Segunda serie de estadística sobre discriminación en Argentina</subfield>
    </datafield>
    <datafield tag="650" ind1=" " ind2=" ">
      <subfield code="a"> DISCRIMINACION SOCIAL</subfield>
    </datafield>
    <datafield tag="650" ind1=" " ind2=" ">
      <subfield code="a"> ESTADISTICA DEMOGRAFICA</subfield>
    </datafield>
    <datafield tag="650" ind1=" " ind2=" ">
      <subfield code="a"> DATO ESTADISTICO</subfield>
    </datafield>
    <datafield tag="650" ind1=" " ind2=" ">
      <subfield code="a"> SANTA CRUZ (ARGENTINA)</subfield>
    </datafield>
    <datafield tag="650" ind1=" " ind2=" ">
      <subfield code="a"> ARGENTINA</subfield>
    </datafield>
    <datafield tag="942" ind1=" " ind2=" ">
      <subfield code="c">BK</subfield>
    </datafield>
    <datafield tag="952" ind1=" " ind2=" ">
      <subfield code="a">BIB_RECT</subfield>
      <subfield code="b">BIB_UACO</subfield>
      <subfield code="d">2016-08-05</subfield>
      <subfield code="y">BK</subfield>
      <subfield code="p">02-48144</subfield>
      <subfield code="i">02-48144</subfield>
      <subfield code="g">250</subfield>
      <subfield code="o">308 M297ma</subfield>
      <subfield code="e">Donación</subfield>
      <subfield code="8">CG</subfield>
    </datafield>
    <datafield tag="952" ind1=" " ind2=" ">
      <subfield code="a">BIB_RECT</subfield>
      <subfield code="b">BIB_UACO</subfield>
      <subfield code="d">2016-08-05</subfield>
      <subfield code="y">BK</subfield>
      <subfield code="p">02-48145</subfield>
      <subfield code="i">02-48145</subfield>
      <subfield code="g">250</subfield>
      <subfield code="o">308 M297ma</subfield>
      <subfield code="e">Donación</subfield>
      <subfield code="8">CG</subfield>
    </datafield>
    <datafield tag="952" ind1=" " ind2=" ">
      <subfield code="a">BIB_RECT</subfield>
      <subfield code="b">BIB_UART</subfield>
      <subfield code="d">2016-08-05</subfield>
      <subfield code="y">BK</subfield>
      <subfield code="p">03-48152</subfield>
      <subfield code="i">03-48152</subfield>
      <subfield code="g">250</subfield>
      <subfield code="o">308 M297ma</subfield>
      <subfield code="e">Donación</subfield>
      <subfield code="8">CG</subfield>
    </datafield>
    <datafield tag="952" ind1=" " ind2=" ">
      <subfield code="a">BIB_RECT</subfield>
      <subfield code="b">BIB_UART</subfield>
      <subfield code="d">2016-08-05</subfield>
      <subfield code="y">BK</subfield>
      <subfield code="p">03-48154</subfield>
      <subfield code="i">03-48154</subfield>
      <subfield code="g">250</subfield>
      <subfield code="o">308 M297ma</subfield>
      <subfield code="e">Sec. de Extensión</subfield>
      <subfield code="8">CG</subfield>
    </datafield>
    <datafield tag="952" ind1=" " ind2=" ">
      <subfield code="a">BIB_RECT</subfield>
      <subfield code="b">BIB_UASJ</subfield>
      <subfield code="d">2016-05-19</subfield>
      <subfield code="y">BK</subfield>
      <subfield code="p">04-47985</subfield>
      <subfield code="i">04-47985</subfield>
      <subfield code="g">250</subfield>
      <subfield code="o">308 M297ma</subfield>
      <subfield code="e">Donación</subfield>
      <subfield code="8">CG</subfield>
    </datafield>
    <datafield tag="952" ind1=" " ind2=" ">
      <subfield code="a">BIB_RECT</subfield>
      <subfield code="b">BIB_UASJ</subfield>
      <subfield code="d">2016-05-19</subfield>
      <subfield code="y">BK</subfield>
      <subfield code="p">04-47986</subfield>
      <subfield code="i">04-47986</subfield>
      <subfield code="g">250</subfield>
      <subfield code="o">308 M297ma</subfield>
      <subfield code="e">Donación</subfield>
      <subfield code="8">CG</subfield>
    </datafield>
    <datafield tag="952" ind1=" " ind2=" ">
      <subfield code="a">BIB_RECT</subfield>
      <subfield code="b">BIB_UASJ</subfield>
      <subfield code="d">2016-08-04</subfield>
      <subfield code="y">BK</subfield>
      <subfield code="p">04-48136</subfield>
      <subfield code="i">04-48136</subfield>
      <subfield code="g">250</subfield>
      <subfield code="o">308 M297ma</subfield>
      <subfield code="e">Donación</subfield>
      <subfield code="8">CG</subfield>
    </datafield>
    <datafield tag="952" ind1=" " ind2=" ">
      <subfield code="a">BIB_RECT</subfield>
      <subfield code="b">BIB_UASJ</subfield>
      <subfield code="d">2016-08-04</subfield>
      <subfield code="y">BK</subfield>
      <subfield code="p">04-48137</subfield>
      <subfield code="i">04-48137</subfield>
      <subfield code="g">250</subfield>
      <subfield code="o">308 M297ma</subfield>
      <subfield code="e">Donación</subfield>
      <subfield code="8">CG</subfield>
    </datafield>
    <datafield tag="952" ind1=" " ind2=" ">
      <subfield code="a">BIB_RECT</subfield>
      <subfield code="b">BIB_UARG</subfield>
      <subfield code="d">2016-08-05</subfield>
      <subfield code="y">BK</subfield>
      <subfield code="p">05-48160</subfield>
      <subfield code="i">05-48160</subfield>
      <subfield code="g">250</subfield>
      <subfield code="o">308 M297ma</subfield>
      <subfield code="e">Donación</subfield>
      <subfield code="8">CG</subfield>
    </datafield>
    <datafield tag="952" ind1=" " ind2=" ">
      <subfield code="a">BIB_RECT</subfield>
      <subfield code="b">BIB_UARG</subfield>
      <subfield code="d">2016-08-05</subfield>
      <subfield code="y">BK</subfield>
      <subfield code="p">05-48161</subfield>
      <subfield code="i">05-48161</subfield>
      <subfield code="g">250</subfield>
      <subfield code="o">308 M297ma</subfield>
      <subfield code="e">Donación</subfield>
      <subfield code="8">CG</subfield>
    </datafield>
    <datafield tag="952" ind1=" " ind2=" ">
      <subfield code="a">BIB_RECT</subfield>
      <subfield code="b">SAT_TRUN</subfield>
      <subfield code="d">2016-08-08</subfield>
      <subfield code="y">BK</subfield>
      <subfield code="p">10-48167</subfield>
      <subfield code="i">10-48167</subfield>
      <subfield code="g">250</subfield>
      <subfield code="o">308 M297ma</subfield>
      <subfield code="e">Donación</subfield>
      <subfield code="8">CG</subfield>
    </datafield>
    <datafield tag="952" ind1=" " ind2=" ">
      <subfield code="a">BIB_RECT</subfield>
      <subfield code="b">SAT_PBNA</subfield>
      <subfield code="d">2016-05-19</subfield>
      <subfield code="y">BK</subfield>
      <subfield code="p">11-47971</subfield>
      <subfield code="i">11-47971</subfield>
      <subfield code="g">250</subfield>
      <subfield code="o">308 M297ma</subfield>
      <subfield code="e">Donación</subfield>
      <subfield code="8">CG</subfield>
    </datafield>
    <datafield tag="952" ind1=" " ind2=" ">
      <subfield code="a">BIB_RECT</subfield>
      <subfield code="b">SAT_PBNA</subfield>
      <subfield code="d">2016-08-08</subfield>
      <subfield code="y">BK</subfield>
      <subfield code="p">11-48176</subfield>
      <subfield code="i">11-48176</subfield>
      <subfield code="g">250</subfield>
      <subfield code="o">308 M297ma</subfield>
      <subfield code="e">Donación</subfield>
      <subfield code="8">CG</subfield>
    </datafield>
    <datafield tag="952" ind1=" " ind2=" ">
      <subfield code="a">BIB_RECT</subfield>
      <subfield code="b">BIB_RECT</subfield>
      <subfield code="d">2016-08-08</subfield>
      <subfield code="y">BK</subfield>
      <subfield code="p">12-48179</subfield>
      <subfield code="i">12-48179</subfield>
      <subfield code="g">250</subfield>
      <subfield code="o">308 M297ma</subfield>
      <subfield code="e">Donación</subfield>
      <subfield code="8">CG</subfield>
    </datafield>
    <datafield tag="952" ind1=" " ind2=" ">
      <subfield code="a">BIB_RECT</subfield>
      <subfield code="b">SAT_PDES</subfield>
      <subfield code="d">2016-08-08</subfield>
      <subfield code="y">BK</subfield>
      <subfield code="p">16-48164</subfield>
      <subfield code="i">16-48164</subfield>
      <subfield code="g">250</subfield>
      <subfield code="o">308 M297ma</subfield>
      <subfield code="e">Donación</subfield>
      <subfield code="8">CG</subfield>
    </datafield>
    <datafield tag="952" ind1=" " ind2=" ">
      <subfield code="a">BIB_RECT</subfield>
      <subfield code="b">BIB_RECT</subfield>
      <subfield code="d">2016-08-08</subfield>
      <subfield code="y">BK</subfield>
      <subfield code="p">17-48170</subfield>
      <subfield code="i">17-48170</subfield>
      <subfield code="g">250</subfield>
      <subfield code="o">308 M297ma</subfield>
      <subfield code="e">Donación</subfield>
      <subfield code="8">CG</subfield>
    </datafield>
    <datafield tag="952" ind1=" " ind2=" ">
      <subfield code="a">BIB_RECT</subfield>
      <subfield code="b">SAT_GREG</subfield>
      <subfield code="d">2016-05-19</subfield>
      <subfield code="y">BK</subfield>
      <subfield code="p">18-47970</subfield>
      <subfield code="i">18-47970</subfield>
      <subfield code="g">250</subfield>
      <subfield code="o">308 M297ma</subfield>
      <subfield code="e">Donación</subfield>
      <subfield code="8">CG</subfield>
    </datafield>
    <datafield tag="952" ind1=" " ind2=" ">
      <subfield code="a">BIB_RECT</subfield>
      <subfield code="b">SAT_GREG</subfield>
      <subfield code="d">2016-08-08</subfield>
      <subfield code="y">BK</subfield>
      <subfield code="p">18-48173</subfield>
      <subfield code="i">18-48173</subfield>
      <subfield code="g">250</subfield>
      <subfield code="o">308 M297ma</subfield>
      <subfield code="e">Donación</subfield>
      <subfield code="8">CG</subfield>
    </datafield>
  </record>