
  <record>
    <leader>01000aam  22002601a 4500</leader>
    <controlfield tag="001">YPZ100058</controlfield>
    <controlfield tag="003">YPZ</controlfield>
    <controlfield tag="005">201605191244230</controlfield>
    <controlfield tag="008">160519|###########||||||b||||||||||spa|d</controlfield>
    <datafield tag="020" ind1=" " ind2=" ">
      <subfield code="a">9500001845 (v.1)</subfield>
    </datafield>
    <datafield tag="020" ind1=" " ind2=" ">
      <subfield code="a">95000001837 (v.2)</subfield>
    </datafield>
    <datafield tag="020" ind1=" " ind2=" ">
      <subfield code="a">9500001853 (v.3)</subfield>
    </datafield>
    <datafield tag="040" ind1=" " ind2=" ">
      <subfield code="c">SIUNPA</subfield>
    </datafield>
    <datafield tag="041" ind1=" " ind2=" ">
      <subfield code="a">spa</subfield>
    </datafield>
    <datafield tag="044" ind1=" " ind2=" ">
      <subfield code="a">AR</subfield>
    </datafield>
    <datafield tag="080" ind1=" " ind2=" ">
      <subfield code="a">371.1 A691c</subfield>
    </datafield>
    <datafield tag="110" ind1=" " ind2=" ">
      <subfield code="a">Argentina. Ministerio de Cultura y Educación.</subfield>
    </datafield>
    <datafield tag="245" ind1=" " ind2=" ">
      <subfield code="a">Curso para supervisores y directores de instituciones educativas</subfield>
    </datafield>
    <datafield tag="260" ind1=" " ind2=" ">
      <subfield code="a">Buenos Aires</subfield>
      <subfield code="b"> : Ministerio de Cultura y Educación</subfield>
      <subfield code="c"> , 1998</subfield>
    </datafield>
    <datafield tag="300" ind1=" " ind2=" ">
      <subfield code="a">216 p. : </subfield>
      <subfield code="b">il. ; </subfield>
      <subfield code="a">165 p. : </subfield>
      <subfield code="a">95 p. : </subfield>
      <subfield code="a">274 p. : </subfield>
      <subfield code="b">il. ; </subfield>
      <subfield code="a">266 p. : </subfield>
      <subfield code="a">143 p. : </subfield>
      <subfield code="b">il. ; </subfield>
      <subfield code="a">xi, 235 p. : </subfield>
      <subfield code="a">369 p. : </subfield>
      <subfield code="b">il. ; </subfield>
      <subfield code="a">xxii, 585 p. : </subfield>
      <subfield code="a">86 p. : </subfield>
      <subfield code="a">xvi, 322 p. : </subfield>
      <subfield code="a">xxvi, 726 p. : </subfield>
      <subfield code="b">il. ; </subfield>
      <subfield code="a">xxi, 589 p. : </subfield>
      <subfield code="b">il. ; </subfield>
      <subfield code="a">xiii, 410 p. : </subfield>
      <subfield code="b">il. ; </subfield>
      <subfield code="a">xv, 600 p. : </subfield>
      <subfield code="a">xvii, 617 p. : </subfield>
      <subfield code="b">il. ; </subfield>
      <subfield code="a">xii, 214 p. : </subfield>
      <subfield code="a">xx, 651 p. : </subfield>
      <subfield code="b">il. ; </subfield>
      <subfield code="a">226 p. : </subfield>
      <subfield code="b">il. ; </subfield>
      <subfield code="a">xxx, 974 p. : </subfield>
      <subfield code="a">16 t. : </subfield>
      <subfield code="b">il. ; </subfield>
      <subfield code="a">287 p. : </subfield>
      <subfield code="a">155 p. : </subfield>
      <subfield code="a">v. : </subfield>
      <subfield code="b">il. ; </subfield>
      <subfield code="a">303 p. : </subfield>
      <subfield code="a">191 p. : </subfield>
      <subfield code="a">557 p. : </subfield>
      <subfield code="a">2 t. : </subfield>
      <subfield code="a">xxi, 585 p. : </subfield>
      <subfield code="b">il. ; </subfield>
      <subfield code="a">xiii, 481 p. : </subfield>
      <subfield code="b">il. ; </subfield>
      <subfield code="a">2 t. : </subfield>
      <subfield code="a">172 p. : </subfield>
      <subfield code="a">154 p. : </subfield>
      <subfield code="a">212 p. : </subfield>
      <subfield code="a">173 p. : </subfield>
      <subfield code="a">240 p. : </subfield>
      <subfield code="b">il. ; </subfield>
      <subfield code="a">284 p. : </subfield>
      <subfield code="a">150 p. : </subfield>
      <subfield code="a">95 p. : </subfield>
      <subfield code="a">84 p. : </subfield>
      <subfield code="b">il. ; </subfield>
      <subfield code="a">182 p. : </subfield>
      <subfield code="a">206 p. : </subfield>
      <subfield code="a">139 p. : </subfield>
      <subfield code="a">94 p. : </subfield>
      <subfield code="b">il. ; </subfield>
      <subfield code="a">209 p. : </subfield>
      <subfield code="b">il. ; </subfield>
      <subfield code="a">160 p. : </subfield>
      <subfield code="a">205 p. : </subfield>
      <subfield code="a">255 p. : </subfield>
      <subfield code="a">230 p. : </subfield>
      <subfield code="b">il. ; </subfield>
      <subfield code="a">218 p. : </subfield>
      <subfield code="a">142 p. : </subfield>
      <subfield code="a">175 p. : </subfield>
      <subfield code="a">156 p. : </subfield>
      <subfield code="b">il. ; </subfield>
      <subfield code="a">130 p. : </subfield>
      <subfield code="a">185 p. : </subfield>
      <subfield code="a">125 p. : </subfield>
      <subfield code="a">159 p. : </subfield>
      <subfield code="a">61 p. : </subfield>
      <subfield code="a">59 p. : </subfield>
      <subfield code="a">94 p. : </subfield>
      <subfield code="a">95 p. : </subfield>
      <subfield code="a">t. : </subfield>
      <subfield code="a">94 p. : </subfield>
      <subfield code="a">95 p. : </subfield>
      <subfield code="a">89 p. : </subfield>
      <subfield code="a">148 p. : </subfield>
      <subfield code="a">112 p. : </subfield>
      <subfield code="b">il. ; </subfield>
      <subfield code="a">206 p. : </subfield>
      <subfield code="a">126 p. : </subfield>
      <subfield code="a">250 p. : </subfield>
      <subfield code="a">169 p. : </subfield>
      <subfield code="a">117 p. : </subfield>
      <subfield code="a">253 p. : </subfield>
      <subfield code="b">il. ; </subfield>
      <subfield code="a">142 p. : </subfield>
      <subfield code="a">101 p. : </subfield>
      <subfield code="a">253 p. : </subfield>
      <subfield code="a">122 p. : </subfield>
      <subfield code="b">il. ; </subfield>
      <subfield code="a">143 p. : </subfield>
      <subfield code="a">147 p. : </subfield>
      <subfield code="a">63 p. : </subfield>
      <subfield code="a">611 p., 1 h. de láms. : </subfield>
      <subfield code="b">il. ; </subfield>
      <subfield code="a">317 p. : </subfield>
      <subfield code="a">284 p. : </subfield>
      <subfield code="b">il. ; </subfield>
      <subfield code="a">112 p. : </subfield>
      <subfield code="a">199 p. : </subfield>
      <subfield code="a">206 p. : </subfield>
      <subfield code="a">126 p. : </subfield>
      <subfield code="b">il. ; </subfield>
      <subfield code="a">110 p. : </subfield>
      <subfield code="a">154 p. : </subfield>
      <subfield code="a">251 p. : </subfield>
      <subfield code="a">152 p. : </subfield>
      <subfield code="a">165 p. : </subfield>
      <subfield code="a">77 p., xii de láms. : </subfield>
      <subfield code="b">il. ; </subfield>
      <subfield code="a">118 p. : </subfield>
      <subfield code="a">90 p. : </subfield>
      <subfield code="a">123 p. : </subfield>
      <subfield code="b">il. ; </subfield>
      <subfield code="a">186 p. : </subfield>
      <subfield code="a">180 p. : </subfield>
      <subfield code="a">xv, 237 p. : </subfield>
      <subfield code="b">il. ; </subfield>
      <subfield code="a">62 p. : </subfield>
      <subfield code="a">312 p. : </subfield>
      <subfield code="a">317 p. : </subfield>
      <subfield code="a">69 p. : </subfield>
      <subfield code="a">71 p. : </subfield>
      <subfield code="a">140 p. : </subfield>
      <subfield code="a">249 p. : </subfield>
      <subfield code="a">884 p. : </subfield>
      <subfield code="a">506 p. : </subfield>
      <subfield code="b">il. ; </subfield>
      <subfield code="a">383 p. : </subfield>
      <subfield code="a">282 p. : </subfield>
      <subfield code="b">il. ; </subfield>
      <subfield code="a">126 p. : </subfield>
      <subfield code="a">118 p. : </subfield>
      <subfield code="a">134 p. : </subfield>
      <subfield code="a">282 p. : </subfield>
      <subfield code="a">111 p. : </subfield>
      <subfield code="a">106 p. : </subfield>
      <subfield code="a">347 p. : </subfield>
      <subfield code="b">il. ; </subfield>
      <subfield code="a">181 p. : </subfield>
      <subfield code="a">126 p. : </subfield>
      <subfield code="a">388 p., xvi p. de láms. : </subfield>
      <subfield code="a">124 p. : </subfield>
      <subfield code="a">[29] p. : </subfield>
      <subfield code="a">194 p. : </subfield>
      <subfield code="a">197 p. : </subfield>
      <subfield code="a">204 p. : </subfield>
      <subfield code="a">143 p. : </subfield>
      <subfield code="a">190 p. : </subfield>
      <subfield code="a">201 p. : </subfield>
      <subfield code="a">256 p. : </subfield>
      <subfield code="a">236 p. : </subfield>
      <subfield code="a">189 p. : </subfield>
      <subfield code="a">193 p. : </subfield>
      <subfield code="a">274 p. : </subfield>
      <subfield code="a">188 p. : </subfield>
      <subfield code="a">155 p. : </subfield>
      <subfield code="a">264 p. : </subfield>
      <subfield code="a">169 p. : </subfield>
      <subfield code="a">173 p. : </subfield>
      <subfield code="a">146 p. : </subfield>
      <subfield code="a">183 p. : </subfield>
      <subfield code="a">189 p. : </subfield>
      <subfield code="a">160 p. : </subfield>
      <subfield code="a">170 p. : </subfield>
      <subfield code="a">254 p. : </subfield>
      <subfield code="a">299 p. : </subfield>
      <subfield code="a">282 p. : </subfield>
      <subfield code="a">160 p. : </subfield>
      <subfield code="a">275 p. : </subfield>
      <subfield code="a">369 p. : </subfield>
      <subfield code="a">155 p. : </subfield>
      <subfield code="a">184 p. : </subfield>
      <subfield code="a">164 p. : </subfield>
      <subfield code="a">249 p. : </subfield>
      <subfield code="a">155 p. : </subfield>
      <subfield code="a">2 v. : </subfield>
      <subfield code="a">157 p. : </subfield>
      <subfield code="a">558 p. : </subfield>
      <subfield code="a">217 p. : </subfield>
      <subfield code="a">214 p. : </subfield>
      <subfield code="a">259 p. : </subfield>
      <subfield code="a">265 p. : </subfield>
      <subfield code="a">171 p. : </subfield>
      <subfield code="a">156 p. : </subfield>
      <subfield code="a">189 p. : </subfield>
      <subfield code="a">155 p. : </subfield>
      <subfield code="a">183 p. : </subfield>
      <subfield code="a">427 p. : </subfield>
      <subfield code="a">46 p. : </subfield>
      <subfield code="a">173 p. : </subfield>
      <subfield code="b">il. ; </subfield>
      <subfield code="a">382 p. : </subfield>
      <subfield code="b">il. ; </subfield>
      <subfield code="a">445 p. : </subfield>
      <subfield code="b">il. ; </subfield>
      <subfield code="a">3 t. : </subfield>
      <subfield code="b">il. ; </subfield>
      <subfield code="a">64 p. : </subfield>
      <subfield code="b">il. ; </subfield>
      <subfield code="a">64 p. : </subfield>
      <subfield code="b">il. ; </subfield>
      <subfield code="a">207 p. : </subfield>
      <subfield code="a">86 p. : </subfield>
      <subfield code="b">il. ; </subfield>
      <subfield code="a">194 p. : </subfield>
      <subfield code="b">il. ; </subfield>
      <subfield code="a">309 p. : </subfield>
      <subfield code="a">387 p. : </subfield>
      <subfield code="b">il. ; </subfield>
      <subfield code="a">292 p. : </subfield>
      <subfield code="a">279 p. : </subfield>
      <subfield code="b">il. ; </subfield>
      <subfield code="a">130 p. : </subfield>
      <subfield code="a">223 p. : </subfield>
      <subfield code="b">il. ; </subfield>
      <subfield code="a">183 p. : </subfield>
      <subfield code="a">2 v. : </subfield>
      <subfield code="b">il. ; </subfield>
      <subfield code="a">152 p. : </subfield>
      <subfield code="a">2 v. : </subfield>
      <subfield code="a">128 p. : </subfield>
      <subfield code="b">il. ; </subfield>
      <subfield code="a">264 p. : </subfield>
      <subfield code="b">il. ; </subfield>
      <subfield code="a">251 p. : </subfield>
      <subfield code="a">315 p. : </subfield>
      <subfield code="a">161 p. : </subfield>
      <subfield code="a">512 p. : </subfield>
      <subfield code="b">il. ; </subfield>
      <subfield code="a">189 p. : </subfield>
      <subfield code="a">xliii, 257 p. : </subfield>
      <subfield code="a">255 p. : </subfield>
      <subfield code="b">il. ; </subfield>
      <subfield code="a">475 p. : </subfield>
      <subfield code="a">279 p. : </subfield>
      <subfield code="b">il. ; </subfield>
      <subfield code="a">177 p. : </subfield>
      <subfield code="b">il. ; </subfield>
      <subfield code="a">159 p. : </subfield>
      <subfield code="b">il. ; </subfield>
      <subfield code="a">400 p. : </subfield>
      <subfield code="b">il. ; </subfield>
      <subfield code="a">330 p. : </subfield>
      <subfield code="b">il. ; </subfield>
      <subfield code="a">183 p. : </subfield>
      <subfield code="b">il. ; </subfield>
      <subfield code="a">187 p. : </subfield>
      <subfield code="b">il. ; </subfield>
      <subfield code="a">213 p. : </subfield>
      <subfield code="a">56 p. : </subfield>
      <subfield code="a">88 p. : </subfield>
      <subfield code="a">293 p. : </subfield>
      <subfield code="a">206 p. : </subfield>
      <subfield code="a">198 p. : </subfield>
      <subfield code="a">82 p. : </subfield>
      <subfield code="b">il. ; </subfield>
      <subfield code="a">146 p. : </subfield>
      <subfield code="b">il. ; </subfield>
      <subfield code="a">t. : </subfield>
      <subfield code="b">il. ; </subfield>
      <subfield code="a">296 p. : </subfield>
      <subfield code="a">v. : </subfield>
      <subfield code="a">xxxvi, 794 p. : </subfield>
      <subfield code="b">il. ; </subfield>
      <subfield code="a">2 t. : </subfield>
      <subfield code="a">92 p. : </subfield>
      <subfield code="b">il. ; </subfield>
      <subfield code="a">167 p. : </subfield>
      <subfield code="b">il. ; </subfield>
      <subfield code="a">292 p. : </subfield>
      <subfield code="b">il. ; </subfield>
      <subfield code="a">447 p. : </subfield>
      <subfield code="b">il. ; </subfield>
      <subfield code="a">xv, 544 p. : </subfield>
      <subfield code="b">il. ; </subfield>
      <subfield code="a">298 p. : </subfield>
      <subfield code="b">il. ; </subfield>
      <subfield code="a">177 p. : </subfield>
      <subfield code="a">201 p. : </subfield>
      <subfield code="b">il. ; </subfield>
      <subfield code="a">47 p. : </subfield>
      <subfield code="a">62 p. : </subfield>
      <subfield code="a">117 p. : </subfield>
      <subfield code="a">293 p. : </subfield>
      <subfield code="b">il. ; </subfield>
      <subfield code="a">101 p. : </subfield>
      <subfield code="b">il. ; </subfield>
      <subfield code="a">173 p. : </subfield>
      <subfield code="a">75 p. : </subfield>
      <subfield code="a">145 p. : </subfield>
      <subfield code="a">430 p. : </subfield>
      <subfield code="b">il. ; </subfield>
      <subfield code="a">126 p. : </subfield>
      <subfield code="a">306 p. : </subfield>
      <subfield code="a">140 p. : </subfield>
      <subfield code="b">il. ; </subfield>
      <subfield code="a">303 p. : </subfield>
      <subfield code="a">xvi, 446 p. : </subfield>
      <subfield code="a">432 p. : </subfield>
      <subfield code="b">il. ; </subfield>
      <subfield code="a">257 p. : </subfield>
      <subfield code="a">220 p. : </subfield>
      <subfield code="b">il. ; </subfield>
      <subfield code="a">153 p. : </subfield>
      <subfield code="a">191 p. : </subfield>
      <subfield code="a">174 p. : </subfield>
      <subfield code="a">132 p. : </subfield>
      <subfield code="a">v. : </subfield>
      <subfield code="a">296 p., 8 p. de láms. : </subfield>
      <subfield code="a">239 p. : </subfield>
      <subfield code="a">2 v. : </subfield>
      <subfield code="a">2 v. : </subfield>
      <subfield code="a">244 p. : </subfield>
      <subfield code="a">147 p. : </subfield>
      <subfield code="a">428 p. : </subfield>
      <subfield code="a">342 p. : </subfield>
      <subfield code="b">il. ; </subfield>
      <subfield code="a">2 t. : </subfield>
      <subfield code="b">il. ; </subfield>
      <subfield code="a">80 p. : </subfield>
      <subfield code="b">il. ; </subfield>
      <subfield code="a">3 v. : </subfield>
      <subfield code="b">il. ; </subfield>
      <subfield code="e">Carpeta de actividades: Módulo 1. Directores</subfield>
    </datafield>
    <datafield tag="505" ind1=" " ind2=" ">
      <subfield code="a">Contenido: v.1. Innovación y gestión -- v.2. La función directiva -- v.3.El proyecto educativo institucional</subfield>
    </datafield>
    <datafield tag="650" ind1=" " ind2=" ">
      <subfield code="a"> SUPERVISORES  DIRECTORES</subfield>
    </datafield>
    <datafield tag="650" ind1=" " ind2=" ">
      <subfield code="a"> EDUCACION A DISTANCIA </subfield>
    </datafield>
    <datafield tag="650" ind1=" " ind2=" ">
      <subfield code="a"> GESTION DE LA EDUCACION</subfield>
    </datafield>
    <datafield tag="650" ind1=" " ind2=" ">
      <subfield code="a"> ADMINISTRACION ESCOLAR</subfield>
    </datafield>
    <datafield tag="650" ind1=" " ind2=" ">
      <subfield code="a"> REFORMA DE LA EDUCACION</subfield>
    </datafield>
    <datafield tag="650" ind1=" " ind2=" ">
      <subfield code="a"> FORMACION DE DOCENTES</subfield>
    </datafield>
    <datafield tag="942" ind1=" " ind2=" ">
      <subfield code="c">BK</subfield>
    </datafield>
    <datafield tag="952" ind1=" " ind2=" ">
      <subfield code="a">BIB_RECT</subfield>
      <subfield code="b">BIB_UASJ</subfield>
      <subfield code="d">2016-05-11</subfield>
      <subfield code="y">BK</subfield>
      <subfield code="p">04-47937</subfield>
      <subfield code="i">04-47937</subfield>
      <subfield code="g">50</subfield>
      <subfield code="o">371.1 A691c</subfield>
      <subfield code="e">Donación</subfield>
      <subfield code="8">CG</subfield>
    </datafield>
    <datafield tag="952" ind1=" " ind2=" ">
      <subfield code="a">BIB_RECT</subfield>
      <subfield code="b">BIB_UASJ</subfield>
      <subfield code="d">2016-05-12</subfield>
      <subfield code="y">BK</subfield>
      <subfield code="p">04-47938</subfield>
      <subfield code="i">04-47938</subfield>
      <subfield code="g">50</subfield>
      <subfield code="o">371.1 A691c</subfield>
      <subfield code="e">Donación</subfield>
      <subfield code="8">CG</subfield>
    </datafield>
    <datafield tag="952" ind1=" " ind2=" ">
      <subfield code="a">BIB_RECT</subfield>
      <subfield code="b">BIB_UASJ</subfield>
      <subfield code="d">2016-05-11</subfield>
      <subfield code="y">BK</subfield>
      <subfield code="p">04-47940</subfield>
      <subfield code="i">04-47940</subfield>
      <subfield code="g">40</subfield>
      <subfield code="o">371.1 A691c</subfield>
      <subfield code="e">Donación</subfield>
      <subfield code="8">CG</subfield>
    </datafield>
    <datafield tag="952" ind1=" " ind2=" ">
      <subfield code="a">BIB_RECT</subfield>
      <subfield code="b">BIB_UASJ</subfield>
      <subfield code="d">2016-05-11</subfield>
      <subfield code="y">BK</subfield>
      <subfield code="p">04-47988</subfield>
      <subfield code="i">04-47988</subfield>
      <subfield code="g">50</subfield>
      <subfield code="o">371.1 A691c</subfield>
      <subfield code="e">Donación</subfield>
      <subfield code="8">CG</subfield>
    </datafield>
  </record>