
  <record>
    <leader>01000aam  22002601a 4500</leader>
    <controlfield tag="001">YPZ100082</controlfield>
    <controlfield tag="003">YPZ</controlfield>
    <controlfield tag="005">201605240941390</controlfield>
    <controlfield tag="008">160524|###########||||||b||||||||||spa|d</controlfield>
    <datafield tag="020" ind1=" " ind2=" ">
      <subfield code="a">9681806345 (v.1)</subfield>
    </datafield>
    <datafield tag="020" ind1=" " ind2=" ">
      <subfield code="a">9681806409 (v.2)</subfield>
    </datafield>
    <datafield tag="040" ind1=" " ind2=" ">
      <subfield code="c">SIUNPA</subfield>
    </datafield>
    <datafield tag="041" ind1=" " ind2=" ">
      <subfield code="a">spa</subfield>
    </datafield>
    <datafield tag="044" ind1=" " ind2=" ">
      <subfield code="a">MX</subfield>
    </datafield>
    <datafield tag="080" ind1=" " ind2=" ">
      <subfield code="a">517 C858i</subfield>
    </datafield>
    <datafield tag="100" ind1=" " ind2=" ">
      <subfield code="a">Courant, Richard.</subfield>
    </datafield>
    <datafield tag="700" ind1=" " ind2=" ">
      <subfield code="a">John, Fritz.</subfield>
    </datafield>
    <datafield tag="245" ind1=" " ind2=" ">
      <subfield code="a">Introducción al cálculo y al análisis matemático</subfield>
      <subfield code="c"> / Hand Goldberg, Saul, versión española y rev. ; Jiménez Domínguez, Rolando V., versión española y rev. ; Pérez Castellanos, Hernán, versión española ; Florio, José S., versión española ; Blank, Albert A., asistencia ; Solomón, Alan, asistencia</subfield>
    </datafield>
    <datafield tag="250" ind1=" " ind2=" ">
      <subfield code="a">1a ed.</subfield>
    </datafield>
    <datafield tag="260" ind1=" " ind2=" ">
      <subfield code="a">México, D.F.</subfield>
      <subfield code="b"> : Limusa</subfield>
      <subfield code="c"> , c1971</subfield>
    </datafield>
    <datafield tag="500" ind1=" " ind2=" ">
      <subfield code="a">El año de reimpresión varía según el ejemplar</subfield>
    </datafield>
    <datafield tag="650" ind1=" " ind2=" ">
      <subfield code="a"> ANALISIS MATEMATICO</subfield>
    </datafield>
    <datafield tag="650" ind1=" " ind2=" ">
      <subfield code="a"> CALCULO</subfield>
    </datafield>
    <datafield tag="942" ind1=" " ind2=" ">
      <subfield code="c">BK</subfield>
    </datafield>
    <datafield tag="952" ind1=" " ind2=" ">
      <subfield code="a">BIB_RECT</subfield>
      <subfield code="b">BIB_UARG</subfield>
      <subfield code="d">2016-05-23</subfield>
      <subfield code="y">BK</subfield>
      <subfield code="p">05-06573</subfield>
      <subfield code="i">05-06573</subfield>
      <subfield code="g">180</subfield>
      <subfield code="o">517 C858i</subfield>
      <subfield code="e">Donación Dto. Matemática y Física</subfield>
      <subfield code="8">CG</subfield>
    </datafield>
    <datafield tag="952" ind1=" " ind2=" ">
      <subfield code="a">BIB_RECT</subfield>
      <subfield code="b">BIB_UARG</subfield>
      <subfield code="d">2016-05-23</subfield>
      <subfield code="y">BK</subfield>
      <subfield code="p">05-09268</subfield>
      <subfield code="i">05-09268</subfield>
      <subfield code="g">180</subfield>
      <subfield code="o">517 C858i</subfield>
      <subfield code="e">Donación Dto. Matemática y Física</subfield>
      <subfield code="8">CG</subfield>
    </datafield>
    <datafield tag="952" ind1=" " ind2=" ">
      <subfield code="a">BIB_RECT</subfield>
      <subfield code="b">BIB_UARG</subfield>
      <subfield code="d">2016-05-23</subfield>
      <subfield code="y">BK</subfield>
      <subfield code="p">05-09492</subfield>
      <subfield code="i">05-09492</subfield>
      <subfield code="g">180</subfield>
      <subfield code="o">517 C858i</subfield>
      <subfield code="e">Donación Dto. Matemática y Física</subfield>
      <subfield code="8">CG</subfield>
    </datafield>
  </record>