
  <record>
    <leader>01000aam  22002601a 4500</leader>
    <controlfield tag="001">YPZ100100</controlfield>
    <controlfield tag="003">YPZ</controlfield>
    <controlfield tag="005">201605261346180</controlfield>
    <controlfield tag="008">160526|###########||||||b||||||||||spa|d</controlfield>
    <datafield tag="020" ind1=" " ind2=" ">
      <subfield code="a">9789508964557 (o.c.)</subfield>
    </datafield>
    <datafield tag="020" ind1=" " ind2=" ">
      <subfield code="a">9789508964496 (no. 1)</subfield>
    </datafield>
    <datafield tag="020" ind1=" " ind2=" ">
      <subfield code="a">9789508964502 (no. 2)</subfield>
    </datafield>
    <datafield tag="020" ind1=" " ind2=" ">
      <subfield code="a">9789508964519 (no. 3)</subfield>
    </datafield>
    <datafield tag="020" ind1=" " ind2=" ">
      <subfield code="a">9789508964526 (no. 4)</subfield>
    </datafield>
    <datafield tag="020" ind1=" " ind2=" ">
      <subfield code="a">9789508964533 (no. 5)</subfield>
    </datafield>
    <datafield tag="020" ind1=" " ind2=" ">
      <subfield code="a">9789508964540 (no. 6)</subfield>
    </datafield>
    <datafield tag="040" ind1=" " ind2=" ">
      <subfield code="c">SIUNPA</subfield>
    </datafield>
    <datafield tag="041" ind1=" " ind2=" ">
      <subfield code="a">spa</subfield>
    </datafield>
    <datafield tag="044" ind1=" " ind2=" ">
      <subfield code="a">AR</subfield>
    </datafield>
    <datafield tag="080" ind1=" " ind2=" ">
      <subfield code="a">314.02 I597c 2010</subfield>
    </datafield>
    <datafield tag="110" ind1=" " ind2=" ">
      <subfield code="a">Instituto Nacional de Estadísticas y Censos (Argentina).</subfield>
    </datafield>
    <datafield tag="245" ind1=" " ind2=" ">
      <subfield code="a">Censo nacional de población, hogares y viviendas 2010 censo del Bicentenario</subfield>
      <subfield code="b"> : pueblos originarios</subfield>
    </datafield>
    <datafield tag="260" ind1=" " ind2=" ">
      <subfield code="a">Buenos Aires</subfield>
      <subfield code="b"> : INDEC</subfield>
      <subfield code="c"> , 2015</subfield>
    </datafield>
    <datafield tag="440" ind1=" " ind2=" ">
      <subfield code="a">Seix Barral. Crónica</subfield>
      <subfield code="a">Serie D</subfield>
      <subfield code="v">no. 1-6</subfield>
    </datafield>
    <datafield tag="490" ind1=" " ind2=" ">
      <subfield code="a">Seix Barral. Crónica</subfield>
      <subfield code="a">Serie D</subfield>
      <subfield code="v">no. 1-6</subfield>
    </datafield>
    <datafield tag="505" ind1=" " ind2=" ">
      <subfield code="a">Contenido: no. 1. Región Noroeste argentino -- no. 2. Región Patagonia -- no. 3. Región Nordeste argentino -- no. 4. Región Cuyo -- no. 5. Región Pampeana -- no. 6. Región Metropolitana</subfield>
    </datafield>
    <datafield tag="650" ind1=" " ind2=" ">
      <subfield code="a"> CENSO DE POBLACION</subfield>
    </datafield>
    <datafield tag="650" ind1=" " ind2=" ">
      <subfield code="a"> POBLACION INDIGENA </subfield>
    </datafield>
    <datafield tag="650" ind1=" " ind2=" ">
      <subfield code="a"> ETNOGRAFIA</subfield>
    </datafield>
    <datafield tag="650" ind1=" " ind2=" ">
      <subfield code="a"> RECOPILACION DE DATOS</subfield>
    </datafield>
    <datafield tag="650" ind1=" " ind2=" ">
      <subfield code="a"> ESTADISTICA DEMOGRAFICA</subfield>
    </datafield>
    <datafield tag="650" ind1=" " ind2=" ">
      <subfield code="a"> ARGENTINA</subfield>
    </datafield>
    <datafield tag="942" ind1=" " ind2=" ">
      <subfield code="c">BK</subfield>
    </datafield>
    <datafield tag="952" ind1=" " ind2=" ">
      <subfield code="a">BIB_RECT</subfield>
      <subfield code="b">BIB_UACO</subfield>
      <subfield code="d">2016-05-26</subfield>
      <subfield code="y">BK</subfield>
      <subfield code="p">02-48005</subfield>
      <subfield code="i">02-48005</subfield>
      <subfield code="g">90</subfield>
      <subfield code="o">314.02 I597c 2010</subfield>
      <subfield code="e">INDEC</subfield>
      <subfield code="8">CG</subfield>
    </datafield>
    <datafield tag="952" ind1=" " ind2=" ">
      <subfield code="a">BIB_RECT</subfield>
      <subfield code="b">BIB_UACO</subfield>
      <subfield code="d">2016-05-26</subfield>
      <subfield code="y">BK</subfield>
      <subfield code="p">02-48006</subfield>
      <subfield code="i">02-48006</subfield>
      <subfield code="g">90</subfield>
      <subfield code="o">314.02 I597c 2010</subfield>
      <subfield code="e">INDEC</subfield>
      <subfield code="8">CG</subfield>
    </datafield>
    <datafield tag="952" ind1=" " ind2=" ">
      <subfield code="a">BIB_RECT</subfield>
      <subfield code="b">BIB_UACO</subfield>
      <subfield code="d">2016-05-26</subfield>
      <subfield code="y">BK</subfield>
      <subfield code="p">02-48007</subfield>
      <subfield code="i">02-48007</subfield>
      <subfield code="g">90</subfield>
      <subfield code="o">314.02 I597c 2010</subfield>
      <subfield code="e">INDEC</subfield>
      <subfield code="8">CG</subfield>
    </datafield>
    <datafield tag="952" ind1=" " ind2=" ">
      <subfield code="a">BIB_RECT</subfield>
      <subfield code="b">BIB_UACO</subfield>
      <subfield code="d">2016-05-26</subfield>
      <subfield code="y">BK</subfield>
      <subfield code="p">02-48008</subfield>
      <subfield code="i">02-48008</subfield>
      <subfield code="g">90</subfield>
      <subfield code="o">314.02 I597c 2010</subfield>
      <subfield code="e">INDEC</subfield>
      <subfield code="8">CG</subfield>
    </datafield>
    <datafield tag="952" ind1=" " ind2=" ">
      <subfield code="a">BIB_RECT</subfield>
      <subfield code="b">BIB_UACO</subfield>
      <subfield code="d">2016-05-26</subfield>
      <subfield code="y">BK</subfield>
      <subfield code="p">02-48009</subfield>
      <subfield code="i">02-48009</subfield>
      <subfield code="g">90</subfield>
      <subfield code="o">314.02 I597c 2010</subfield>
      <subfield code="e">INDEC</subfield>
      <subfield code="8">CG</subfield>
    </datafield>
    <datafield tag="952" ind1=" " ind2=" ">
      <subfield code="a">BIB_RECT</subfield>
      <subfield code="b">BIB_UACO</subfield>
      <subfield code="d">2016-05-26</subfield>
      <subfield code="y">BK</subfield>
      <subfield code="p">02-48010</subfield>
      <subfield code="i">02-48010</subfield>
      <subfield code="g">90</subfield>
      <subfield code="o">314.02 I597c 2010</subfield>
      <subfield code="e">INDEC</subfield>
      <subfield code="8">CG</subfield>
    </datafield>
  </record>