
  <record>
    <leader>01000aam  22002601a 4500</leader>
    <controlfield tag="001">YPZ100126</controlfield>
    <controlfield tag="003">YPZ</controlfield>
    <controlfield tag="005">201606031310300</controlfield>
    <controlfield tag="008">160603|###########||||||b||||||||||spa|d</controlfield>
    <datafield tag="020" ind1=" " ind2=" ">
      <subfield code="a">8424935047 (o.c.)</subfield>
    </datafield>
    <datafield tag="020" ind1=" " ind2=" ">
      <subfield code="a">8424934849 (t.1)</subfield>
    </datafield>
    <datafield tag="020" ind1=" " ind2=" ">
      <subfield code="a">8424935039 (t.2)</subfield>
    </datafield>
    <datafield tag="040" ind1=" " ind2=" ">
      <subfield code="c">SIUNPA</subfield>
    </datafield>
    <datafield tag="041" ind1=" " ind2=" ">
      <subfield code="a">spa</subfield>
    </datafield>
    <datafield tag="044" ind1=" " ind2=" ">
      <subfield code="a">ES</subfield>
    </datafield>
    <datafield tag="080" ind1=" " ind2=" ">
      <subfield code="a">821.14'02 E891t</subfield>
    </datafield>
    <datafield tag="100" ind1=" " ind2=" ">
      <subfield code="a">Eurípides.</subfield>
    </datafield>
    <datafield tag="240" ind1=" " ind2=" ">
      <subfield code="a">[Teatro]</subfield>
    </datafield>
    <datafield tag="245" ind1=" " ind2=" ">
      <subfield code="a">Tragedias</subfield>
      <subfield code="c"> / Medina González, Alberto, introd., tr. y notas ; López Pérez, Juan Antonio, introd., tr. y notas ; Calvo Martínez, Jose Luis, introd., tr. y notas</subfield>
    </datafield>
    <datafield tag="250" ind1=" " ind2=" ">
      <subfield code="a">1a ed.</subfield>
    </datafield>
    <datafield tag="260" ind1=" " ind2=" ">
      <subfield code="a">Madrid</subfield>
      <subfield code="b"> : Gredos</subfield>
      <subfield code="c"> , c1977</subfield>
    </datafield>
    <datafield tag="440" ind1=" " ind2=" ">
      <subfield code="a">Colección Freudiana</subfield>
      <subfield code="a">Biblioteca clásica Gredos</subfield>
      <subfield code="v">4, 11</subfield>
    </datafield>
    <datafield tag="490" ind1=" " ind2=" ">
      <subfield code="a">Colección Freudiana</subfield>
      <subfield code="a">Biblioteca clásica Gredos</subfield>
      <subfield code="v">4, 11</subfield>
    </datafield>
    <datafield tag="500" ind1=" " ind2=" ">
      <subfield code="a">El año de reimpresión varía según el ejemplar</subfield>
    </datafield>
    <datafield tag="505" ind1=" " ind2=" ">
      <subfield code="a">Contenido: t.1. El cíclope - Alcestis - Medea - Los heraclidas - Hipólito - Andrómaca - Hécuba -- t.2. Suplicantes - Heracles - Ion - Las troyanas - Electra - Ifigenia entre los tauros</subfield>
    </datafield>
    <datafield tag="650" ind1=" " ind2=" ">
      <subfield code="a"> LITERATURA GRIEGA</subfield>
    </datafield>
    <datafield tag="942" ind1=" " ind2=" ">
      <subfield code="c">BK</subfield>
    </datafield>
    <datafield tag="952" ind1=" " ind2=" ">
      <subfield code="a">BIB_RECT</subfield>
      <subfield code="b">BIB_UARG</subfield>
      <subfield code="d">2016-06-03</subfield>
      <subfield code="y">BK</subfield>
      <subfield code="p">05-09311</subfield>
      <subfield code="i">05-09311</subfield>
      <subfield code="g">250</subfield>
      <subfield code="o">821.14'02 E891t</subfield>
      <subfield code="e">Acuerdo 211/95</subfield>
      <subfield code="8">CG</subfield>
    </datafield>
    <datafield tag="952" ind1=" " ind2=" ">
      <subfield code="a">BIB_RECT</subfield>
      <subfield code="b">BIB_UARG</subfield>
      <subfield code="d">2016-06-03</subfield>
      <subfield code="y">BK</subfield>
      <subfield code="p">05-10380</subfield>
      <subfield code="i">05-10380</subfield>
      <subfield code="g">250</subfield>
      <subfield code="o">821.14'02 E891t</subfield>
      <subfield code="e">FOMEC 578</subfield>
      <subfield code="8">CG</subfield>
    </datafield>
    <datafield tag="952" ind1=" " ind2=" ">
      <subfield code="a">BIB_RECT</subfield>
      <subfield code="b">BIB_UARG</subfield>
      <subfield code="d">2016-06-03</subfield>
      <subfield code="y">BK</subfield>
      <subfield code="p">05-10381</subfield>
      <subfield code="i">05-10381</subfield>
      <subfield code="g">250</subfield>
      <subfield code="o">821.14'02 E891t</subfield>
      <subfield code="e">FOMEC 585</subfield>
      <subfield code="8">CG</subfield>
    </datafield>
    <datafield tag="952" ind1=" " ind2=" ">
      <subfield code="a">BIB_RECT</subfield>
      <subfield code="b">BIB_UARG</subfield>
      <subfield code="d">2016-06-03</subfield>
      <subfield code="y">BK</subfield>
      <subfield code="p">05-11291</subfield>
      <subfield code="i">05-11291</subfield>
      <subfield code="g">250</subfield>
      <subfield code="o">821.14'02 E891t</subfield>
      <subfield code="e">FOMEC 585</subfield>
      <subfield code="8">CG</subfield>
    </datafield>
    <datafield tag="952" ind1=" " ind2=" ">
      <subfield code="a">BIB_RECT</subfield>
      <subfield code="b">BIB_UARG</subfield>
      <subfield code="d">2016-06-03</subfield>
      <subfield code="y">BK</subfield>
      <subfield code="p">05-11292</subfield>
      <subfield code="i">05-11292</subfield>
      <subfield code="g">250</subfield>
      <subfield code="o">821.14'02 E891t</subfield>
      <subfield code="e">FOMEC 585</subfield>
      <subfield code="8">CG</subfield>
    </datafield>
  </record>