
  <record>
    <leader>01000aam  22002601a 4500</leader>
    <controlfield tag="001">YPZ100190</controlfield>
    <controlfield tag="003">YPZ</controlfield>
    <controlfield tag="005">201606101010470</controlfield>
    <controlfield tag="008">160610|###########||||||b||||||||||spa|d</controlfield>
    <datafield tag="020" ind1=" " ind2=" ">
      <subfield code="a">1558850740 (v.1) [sic]</subfield>
    </datafield>
    <datafield tag="020" ind1=" " ind2=" ">
      <subfield code="a">155885102X (v.2)</subfield>
    </datafield>
    <datafield tag="020" ind1=" " ind2=" ">
      <subfield code="a">1558851011 (v.3)</subfield>
    </datafield>
    <datafield tag="020" ind1=" " ind2=" ">
      <subfield code="a">1558850740 (v.4) [sic]</subfield>
    </datafield>
    <datafield tag="040" ind1=" " ind2=" ">
      <subfield code="c">SIUNPA</subfield>
    </datafield>
    <datafield tag="041" ind1=" " ind2=" ">
      <subfield code="a">eng</subfield>
    </datafield>
    <datafield tag="044" ind1=" " ind2=" ">
      <subfield code="a">US</subfield>
    </datafield>
    <datafield tag="080" ind1=" " ind2=" ">
      <subfield code="a">316.723 H236h</subfield>
    </datafield>
    <datafield tag="110" ind1=" " ind2=" ">
      <subfield code="a">Lomelí, Francisco, ed. and introd..</subfield>
    </datafield>
    <datafield tag="710" ind1=" " ind2=" ">
      <subfield code="a">Kanellos, Nicolás, ed..</subfield>
    </datafield>
    <datafield tag="710" ind1=" " ind2=" ">
      <subfield code="a">Esteva-Fabregat, Claudio, ed..</subfield>
    </datafield>
    <datafield tag="710" ind1=" " ind2=" ">
      <subfield code="a">Weaver, Thomas, ed. and introd..</subfield>
    </datafield>
    <datafield tag="710" ind1=" " ind2=" ">
      <subfield code="a">Padilla, Felix M., ed. e introd..</subfield>
    </datafield>
    <datafield tag="710" ind1=" " ind2=" ">
      <subfield code="a">Jiménez, Alfredo, ed. e introd..</subfield>
    </datafield>
    <datafield tag="245" ind1=" " ind2=" ">
      <subfield code="a">Handbook of hispanic cultures in the United States</subfield>
    </datafield>
    <datafield tag="260" ind1=" " ind2=" ">
      <subfield code="a">Houston, Tex.</subfield>
      <subfield code="a">Madrid</subfield>
      <subfield code="b"> : Arte Público Press</subfield>
      <subfield code="b"> : Instituto de Cooperación Iberoamericana</subfield>
      <subfield code="c"> , 1993-1994</subfield>
    </datafield>
    <datafield tag="505" ind1=" " ind2=" ">
      <subfield code="a">Contenido: v.1. Literature and art -- v.2. Anthropology -- v.3. Sociology -- v.4. History</subfield>
    </datafield>
    <datafield tag="650" ind1=" " ind2=" ">
      <subfield code="a"> ACULTURACION</subfield>
    </datafield>
    <datafield tag="650" ind1=" " ind2=" ">
      <subfield code="a"> ARTE </subfield>
    </datafield>
    <datafield tag="650" ind1=" " ind2=" ">
      <subfield code="a"> LITERATURA</subfield>
    </datafield>
    <datafield tag="650" ind1=" " ind2=" ">
      <subfield code="a"> HISTORIA </subfield>
    </datafield>
    <datafield tag="650" ind1=" " ind2=" ">
      <subfield code="a"> SOCIOLOGIA</subfield>
    </datafield>
    <datafield tag="650" ind1=" " ind2=" ">
      <subfield code="a"> ANTROPOLOGIA</subfield>
    </datafield>
    <datafield tag="650" ind1=" " ind2=" ">
      <subfield code="a"> ESTADOS UNIDOS</subfield>
    </datafield>
    <datafield tag="942" ind1=" " ind2=" ">
      <subfield code="c">BK</subfield>
    </datafield>
    <datafield tag="952" ind1=" " ind2=" ">
      <subfield code="a">BIB_RECT</subfield>
      <subfield code="b">BIB_UASJ</subfield>
      <subfield code="d">2016-06-09</subfield>
      <subfield code="y">BK</subfield>
      <subfield code="p">04-48111</subfield>
      <subfield code="i">04-48111</subfield>
      <subfield code="g">480</subfield>
      <subfield code="o">316.723 H236h</subfield>
      <subfield code="e">Donación/2016</subfield>
      <subfield code="8">CG</subfield>
    </datafield>
    <datafield tag="952" ind1=" " ind2=" ">
      <subfield code="a">BIB_RECT</subfield>
      <subfield code="b">BIB_UASJ</subfield>
      <subfield code="d">2016-06-09</subfield>
      <subfield code="y">BK</subfield>
      <subfield code="p">04-48112</subfield>
      <subfield code="i">04-48112</subfield>
      <subfield code="g">480</subfield>
      <subfield code="o">316.723 H236h</subfield>
      <subfield code="e">Donación/2016</subfield>
      <subfield code="8">CG</subfield>
    </datafield>
    <datafield tag="952" ind1=" " ind2=" ">
      <subfield code="a">BIB_RECT</subfield>
      <subfield code="b">BIB_UASJ</subfield>
      <subfield code="d">2016-06-09</subfield>
      <subfield code="y">BK</subfield>
      <subfield code="p">04-48113</subfield>
      <subfield code="i">04-48113</subfield>
      <subfield code="g">480</subfield>
      <subfield code="o">316.723 H236h</subfield>
      <subfield code="e">Donación/2016</subfield>
      <subfield code="8">CG</subfield>
    </datafield>
    <datafield tag="952" ind1=" " ind2=" ">
      <subfield code="a">BIB_RECT</subfield>
      <subfield code="b">BIB_UASJ</subfield>
      <subfield code="d">2016-06-09</subfield>
      <subfield code="y">BK</subfield>
      <subfield code="p">04-48114</subfield>
      <subfield code="i">04-48114</subfield>
      <subfield code="g">480</subfield>
      <subfield code="o">316.723 H236h</subfield>
      <subfield code="e">Donación/2016</subfield>
      <subfield code="8">CG</subfield>
    </datafield>
  </record>