
  <record>
    <leader>01000aam  22002601a 4500</leader>
    <controlfield tag="001">YPZ100192</controlfield>
    <controlfield tag="003">YPZ</controlfield>
    <controlfield tag="005">201606101054350</controlfield>
    <controlfield tag="008">160610|###########||||||b||||||||||spa|d</controlfield>
    <datafield tag="020" ind1=" " ind2=" ">
      <subfield code="a">9789872050016</subfield>
    </datafield>
    <datafield tag="040" ind1=" " ind2=" ">
      <subfield code="c">SIUNPA</subfield>
    </datafield>
    <datafield tag="041" ind1=" " ind2=" ">
      <subfield code="a">spa</subfield>
    </datafield>
    <datafield tag="044" ind1=" " ind2=" ">
      <subfield code="a">AR</subfield>
    </datafield>
    <datafield tag="080" ind1=" " ind2=" ">
      <subfield code="a">372.8.034 A644a</subfield>
    </datafield>
    <datafield tag="245" ind1=" " ind2=" ">
      <subfield code="a">Aportes a la investigación social en salud sexual y reproductiva</subfield>
      <subfield code="c"> / López, Elsa, comp. ; Pantelides, Edith A., comp.</subfield>
    </datafield>
    <datafield tag="260" ind1=" " ind2=" ">
      <subfield code="a">Buenos Aires</subfield>
      <subfield code="b"> : Centro de Estudios de Población, CENEP</subfield>
      <subfield code="b"> : CEDES</subfield>
      <subfield code="b"> : AEPA</subfield>
      <subfield code="b"> : UNFPA</subfield>
      <subfield code="c"> , 2007</subfield>
    </datafield>
    <datafield tag="650" ind1=" " ind2=" ">
      <subfield code="a"> EDUCACION SEXUAL</subfield>
    </datafield>
    <datafield tag="650" ind1=" " ind2=" ">
      <subfield code="a"> INVESTIGACION SOCIAL</subfield>
    </datafield>
    <datafield tag="650" ind1=" " ind2=" ">
      <subfield code="a"> ARGENTINA</subfield>
    </datafield>
    <datafield tag="942" ind1=" " ind2=" ">
      <subfield code="c">BK</subfield>
    </datafield>
    <datafield tag="952" ind1=" " ind2=" ">
      <subfield code="a">BIB_RECT</subfield>
      <subfield code="b">BIB_UASJ</subfield>
      <subfield code="d">2016-06-10</subfield>
      <subfield code="y">BK</subfield>
      <subfield code="p">04-42097</subfield>
      <subfield code="i">04-42097</subfield>
      <subfield code="g">200</subfield>
      <subfield code="o">372.8.034 A644a</subfield>
      <subfield code="e">Donación/2016</subfield>
      <subfield code="8">CG</subfield>
    </datafield>
  </record>