
  <record>
    <leader>01000aam  22002601a 4500</leader>
    <controlfield tag="001">YPZ100196</controlfield>
    <controlfield tag="003">YPZ</controlfield>
    <controlfield tag="005">201606150941370</controlfield>
    <controlfield tag="008">160615|###########||||||b||||||||||spa|d</controlfield>
    <datafield tag="020" ind1=" " ind2=" ">
      <subfield code="a">8448120221</subfield>
    </datafield>
    <datafield tag="040" ind1=" " ind2=" ">
      <subfield code="c">SIUNPA</subfield>
    </datafield>
    <datafield tag="041" ind1=" " ind2=" ">
      <subfield code="a">spa</subfield>
    </datafield>
    <datafield tag="044" ind1=" " ind2=" ">
      <subfield code="a">ES</subfield>
    </datafield>
    <datafield tag="080" ind1=" " ind2=" ">
      <subfield code="a">658.15 B828f5</subfield>
    </datafield>
    <datafield tag="100" ind1=" " ind2=" ">
      <subfield code="a">Brealey, Richard A..</subfield>
    </datafield>
    <datafield tag="700" ind1=" " ind2=" ">
      <subfield code="a">Myers, Stewart C..</subfield>
    </datafield>
    <datafield tag="245" ind1=" " ind2=" ">
      <subfield code="a">Fundamentos de financiación empresarial</subfield>
      <subfield code="b"> : quinta edición</subfield>
      <subfield code="c"> / Redondo López, José Antonio, tr. ; Piñeiro Chouzas, Juan, tr. ; Rodríguez Sandiás, Alfonso, tr.</subfield>
    </datafield>
    <datafield tag="250" ind1=" " ind2=" ">
      <subfield code="a">5a ed.</subfield>
    </datafield>
    <datafield tag="260" ind1=" " ind2=" ">
      <subfield code="a">Madrid</subfield>
      <subfield code="b"> : McGraw-Hill</subfield>
      <subfield code="c"> , 1998</subfield>
    </datafield>
    <datafield tag="650" ind1=" " ind2=" ">
      <subfield code="a"> ADMINISTRACION DE EMPRESAS</subfield>
    </datafield>
    <datafield tag="650" ind1=" " ind2=" ">
      <subfield code="a"> FINANCIACION DE LA EMPRESA</subfield>
    </datafield>
    <datafield tag="942" ind1=" " ind2=" ">
      <subfield code="c">BK</subfield>
    </datafield>
    <datafield tag="952" ind1=" " ind2=" ">
      <subfield code="a">BIB_RECT</subfield>
      <subfield code="b">BIB_UACO</subfield>
      <subfield code="d">2016-06-15</subfield>
      <subfield code="y">BK</subfield>
      <subfield code="p">02-02415</subfield>
      <subfield code="i">02-02415</subfield>
      <subfield code="g">380</subfield>
      <subfield code="o">658.15 B828f5</subfield>
      <subfield code="e">Compra Cuspide</subfield>
      <subfield code="8">CG</subfield>
    </datafield>
    <datafield tag="952" ind1=" " ind2=" ">
      <subfield code="a">BIB_RECT</subfield>
      <subfield code="b">BIB_UACO</subfield>
      <subfield code="d">2016-06-15</subfield>
      <subfield code="y">BK</subfield>
      <subfield code="p">02-02437</subfield>
      <subfield code="i">02-02437</subfield>
      <subfield code="g">380</subfield>
      <subfield code="o">658.15 B828f5</subfield>
      <subfield code="e">Acuerdo C.U. 125/99</subfield>
      <subfield code="8">CG</subfield>
    </datafield>
    <datafield tag="952" ind1=" " ind2=" ">
      <subfield code="a">BIB_RECT</subfield>
      <subfield code="b">BIB_UACO</subfield>
      <subfield code="d">2016-06-15</subfield>
      <subfield code="y">BK</subfield>
      <subfield code="p">02-02438</subfield>
      <subfield code="i">02-02438</subfield>
      <subfield code="g">380</subfield>
      <subfield code="o">658.15 B828f5</subfield>
      <subfield code="e">Acuerdo C.U. 125/99</subfield>
      <subfield code="8">CG</subfield>
    </datafield>
  </record>