
  <record>
    <leader>01000aam  22002601a 4500</leader>
    <controlfield tag="001">YPZ100199</controlfield>
    <controlfield tag="003">YPZ</controlfield>
    <controlfield tag="005">201606151057290</controlfield>
    <controlfield tag="008">160615|###########||||||b||||||||||spa|d</controlfield>
    <datafield tag="020" ind1=" " ind2=" ">
      <subfield code="a">9879520300</subfield>
    </datafield>
    <datafield tag="040" ind1=" " ind2=" ">
      <subfield code="c">SIUNPA</subfield>
    </datafield>
    <datafield tag="041" ind1=" " ind2=" ">
      <subfield code="a">spa</subfield>
    </datafield>
    <datafield tag="044" ind1=" " ind2=" ">
      <subfield code="a">AR</subfield>
    </datafield>
    <datafield tag="080" ind1=" " ind2=" ">
      <subfield code="a">347.72 A691so</subfield>
    </datafield>
    <datafield tag="110" ind1=" " ind2=" ">
      <subfield code="a">Argentina. Leyes, etc..</subfield>
    </datafield>
    <datafield tag="240" ind1=" " ind2=" ">
      <subfield code="a">[Ley no. 19.550]</subfield>
    </datafield>
    <datafield tag="245" ind1=" " ind2=" ">
      <subfield code="a">Sociedades comerciales</subfield>
      <subfield code="b"> : (ley 19.550)</subfield>
    </datafield>
    <datafield tag="260" ind1=" " ind2=" ">
      <subfield code="a">Buenos Aires</subfield>
      <subfield code="b"> : Landol</subfield>
      <subfield code="c"> , 1995</subfield>
    </datafield>
    <datafield tag="500" ind1=" " ind2=" ">
      <subfield code="a">En cub.: texto revisado y comentado</subfield>
    </datafield>
    <datafield tag="500" ind1=" " ind2=" ">
      <subfield code="a">En portada: (Sancionada y promulgada el 3/iv/72, B.O., 25/iv/72) - El texto ordenado aprobado por el decreto 841/84 (del 20/iii/84; B.O. 30/iii/84) incorporó las modificaciones introducidas por las leyes  19.666 - 19.880 - 20.337 - 20.468 - 21.304 - 21.357 - 22.182 - 22.686 - 22.903 - 22.985 - Posteriormente, la ley 23.576 modificó el artículo 325 - Exposición de motivos leyes 19.550 y 22.903</subfield>
    </datafield>
    <datafield tag="650" ind1=" " ind2=" ">
      <subfield code="a"> SOCIEDADES COMERCIALES</subfield>
    </datafield>
    <datafield tag="650" ind1=" " ind2=" ">
      <subfield code="a"> DERECHO COMERCIAL</subfield>
    </datafield>
    <datafield tag="942" ind1=" " ind2=" ">
      <subfield code="c">BK</subfield>
    </datafield>
    <datafield tag="952" ind1=" " ind2=" ">
      <subfield code="a">BIB_RECT</subfield>
      <subfield code="b">BIB_UACO</subfield>
      <subfield code="d">2016-06-15</subfield>
      <subfield code="y">BK</subfield>
      <subfield code="p">02-03668</subfield>
      <subfield code="i">02-03668</subfield>
      <subfield code="g">190</subfield>
      <subfield code="o">347.72 A691so</subfield>
      <subfield code="e">Centro de estudiantes/95</subfield>
      <subfield code="8">CG</subfield>
    </datafield>
    <datafield tag="952" ind1=" " ind2=" ">
      <subfield code="a">BIB_RECT</subfield>
      <subfield code="b">BIB_UACO</subfield>
      <subfield code="d">2016-06-15</subfield>
      <subfield code="y">BK</subfield>
      <subfield code="p">02-03669</subfield>
      <subfield code="i">02-03669</subfield>
      <subfield code="g">190</subfield>
      <subfield code="o">347.72 A691so</subfield>
      <subfield code="e">Centro de estudiantes/95</subfield>
      <subfield code="8">CG</subfield>
    </datafield>
  </record>