
  <record>
    <leader>01000aam  22002601a 4500</leader>
    <controlfield tag="001">YPZ100200</controlfield>
    <controlfield tag="003">YPZ</controlfield>
    <controlfield tag="005">201606151125380</controlfield>
    <controlfield tag="008">160615|###########||||||b||||||||||spa|d</controlfield>
    <datafield tag="020" ind1=" " ind2=" ">
      <subfield code="a">9505082053</subfield>
    </datafield>
    <datafield tag="040" ind1=" " ind2=" ">
      <subfield code="c">SIUNPA</subfield>
    </datafield>
    <datafield tag="041" ind1=" " ind2=" ">
      <subfield code="a">spa</subfield>
    </datafield>
    <datafield tag="044" ind1=" " ind2=" ">
      <subfield code="a">AR</subfield>
    </datafield>
    <datafield tag="080" ind1=" " ind2=" ">
      <subfield code="a">347.72 A691r11</subfield>
    </datafield>
    <datafield tag="110" ind1=" " ind2=" ">
      <subfield code="a">Argentina. Leyes, etc..</subfield>
    </datafield>
    <datafield tag="240" ind1=" " ind2=" ">
      <subfield code="a">[Ley no. 19.550]</subfield>
    </datafield>
    <datafield tag="245" ind1=" " ind2=" ">
      <subfield code="a">Régimen de sociedades comerciales</subfield>
      <subfield code="b"> : ley 19.550</subfield>
      <subfield code="c"> / Zunino, Jorge Osvaldo, rev., ordenado y comentado por</subfield>
    </datafield>
    <datafield tag="250" ind1=" " ind2=" ">
      <subfield code="a">11a ed., 1a reimpr.</subfield>
    </datafield>
    <datafield tag="260" ind1=" " ind2=" ">
      <subfield code="a">Buenos Aires</subfield>
      <subfield code="b"> : Astrea</subfield>
      <subfield code="c"> , 1994</subfield>
    </datafield>
    <datafield tag="500" ind1=" " ind2=" ">
      <subfield code="a">En portada: texto ordenado 184 según decreto 841/84 con la incorporación de las leyes 19.060 - 19.666 - 19.880 - 20.337 - 20.468 - 21.304 - 21357 - 21.768 - 22.182 - 22.280 - 22.686 - 22.903 - y 22.985 - complementado con leyes 20.643 - 20.964 - 22.169 - 22.315 - 22.316 - 23.299 (decreto 83/86), 23.697 y régimen de obligaciones negociables (leyes 23.576, 23.962 y decreto 156/89) - Exposición de motivos leyes 19.550 y 22.903</subfield>
    </datafield>
    <datafield tag="650" ind1=" " ind2=" ">
      <subfield code="a"> SOCIEDADES COMERCIALES</subfield>
    </datafield>
    <datafield tag="650" ind1=" " ind2=" ">
      <subfield code="a"> DERECHO COMERCIAL</subfield>
    </datafield>
    <datafield tag="942" ind1=" " ind2=" ">
      <subfield code="c">BK</subfield>
    </datafield>
    <datafield tag="952" ind1=" " ind2=" ">
      <subfield code="a">BIB_RECT</subfield>
      <subfield code="b">BIB_UACO</subfield>
      <subfield code="d">2016-06-15</subfield>
      <subfield code="y">BK</subfield>
      <subfield code="p">02-03649</subfield>
      <subfield code="i">02-03649</subfield>
      <subfield code="g">190</subfield>
      <subfield code="o">347.72 A691r11</subfield>
      <subfield code="e">Donación Palma, Alberto Ángel</subfield>
      <subfield code="8">CG</subfield>
    </datafield>
  </record>