
  <record>
    <leader>01000aam  22002601a 4500</leader>
    <controlfield tag="001">YPZ100212</controlfield>
    <controlfield tag="003">YPZ</controlfield>
    <controlfield tag="005">201606210914110</controlfield>
    <controlfield tag="008">160621|###########||||||b||||||||||spa|d</controlfield>
    <datafield tag="020" ind1=" " ind2=" ">
      <subfield code="a">0886980372</subfield>
    </datafield>
    <datafield tag="040" ind1=" " ind2=" ">
      <subfield code="c">SIUNPA</subfield>
    </datafield>
    <datafield tag="041" ind1=" " ind2=" ">
      <subfield code="a">spa</subfield>
    </datafield>
    <datafield tag="044" ind1=" " ind2=" ">
      <subfield code="a">US</subfield>
    </datafield>
    <datafield tag="080" ind1=" " ind2=" ">
      <subfield code="a">622.24 E649e2</subfield>
    </datafield>
    <datafield tag="245" ind1=" " ind2=" ">
      <subfield code="a">El equipo auxiliar</subfield>
      <subfield code="b"> : unidad I. Lección 9</subfield>
    </datafield>
    <datafield tag="250" ind1=" " ind2=" ">
      <subfield code="a">2a ed.</subfield>
    </datafield>
    <datafield tag="260" ind1=" " ind2=" ">
      <subfield code="a">Austin, Tex.</subfield>
      <subfield code="b"> : Universidad de Texas</subfield>
      <subfield code="b"> : Servicios de Extensión Petrolera</subfield>
      <subfield code="b"> : IMP, Instituto Mexicano del Petróleo</subfield>
      <subfield code="c"> , 1981</subfield>
    </datafield>
    <datafield tag="500" ind1=" " ind2=" ">
      <subfield code="a">Tít. de partida: perforación rotatoria</subfield>
    </datafield>
    <datafield tag="650" ind1=" " ind2=" ">
      <subfield code="a"> INDUSTRIA PETROLERA  TECNOLOGIA MINERA</subfield>
    </datafield>
    <datafield tag="650" ind1=" " ind2=" ">
      <subfield code="a"> PERFORADORES DE POZOS</subfield>
    </datafield>
    <datafield tag="650" ind1=" " ind2=" ">
      <subfield code="a"> AMERICA LATINA</subfield>
    </datafield>
    <datafield tag="942" ind1=" " ind2=" ">
      <subfield code="c">BK</subfield>
    </datafield>
    <datafield tag="952" ind1=" " ind2=" ">
      <subfield code="a">BIB_RECT</subfield>
      <subfield code="b">BIB_UACO</subfield>
      <subfield code="d">2016-06-21</subfield>
      <subfield code="y">BK</subfield>
      <subfield code="p">02-02340</subfield>
      <subfield code="i">02-02340</subfield>
      <subfield code="g">55</subfield>
      <subfield code="o">622.24 E649e2</subfield>
      <subfield code="e">Donación CESCO/85</subfield>
      <subfield code="8">CG</subfield>
    </datafield>
  </record>