
  <record>
    <leader>01000aam  22002601a 4500</leader>
    <controlfield tag="001">YPZ100215</controlfield>
    <controlfield tag="003">YPZ</controlfield>
    <controlfield tag="005">201606221014210</controlfield>
    <controlfield tag="008">160622|###########||||||b||||||||||spa|d</controlfield>
    <datafield tag="020" ind1=" " ind2=" ">
      <subfield code="a">9586002128</subfield>
    </datafield>
    <datafield tag="040" ind1=" " ind2=" ">
      <subfield code="c">SIUNPA</subfield>
    </datafield>
    <datafield tag="041" ind1=" " ind2=" ">
      <subfield code="a">spa</subfield>
    </datafield>
    <datafield tag="044" ind1=" " ind2=" ">
      <subfield code="a">CO</subfield>
    </datafield>
    <datafield tag="080" ind1=" " ind2=" ">
      <subfield code="a">658.3 C532a2</subfield>
    </datafield>
    <datafield tag="100" ind1=" " ind2=" ">
      <subfield code="a">Chiavenato, Idalberto.</subfield>
    </datafield>
    <datafield tag="245" ind1=" " ind2=" ">
      <subfield code="a">Administración de recursos humanos</subfield>
      <subfield code="c"> / Villamizar, Germán A, tr. ; Báez Aparicio, Jesús, rev. técnica</subfield>
    </datafield>
    <datafield tag="250" ind1=" " ind2=" ">
      <subfield code="a">2a ed.</subfield>
    </datafield>
    <datafield tag="260" ind1=" " ind2=" ">
      <subfield code="a">Santa Fé de Bogotá</subfield>
      <subfield code="b"> : McGraw-Hill</subfield>
      <subfield code="c"> , 1991</subfield>
    </datafield>
    <datafield tag="650" ind1=" " ind2=" ">
      <subfield code="a"> GESTION DE PERSONAL</subfield>
    </datafield>
    <datafield tag="650" ind1=" " ind2=" ">
      <subfield code="a"> RECURSOS HUMANOS</subfield>
    </datafield>
    <datafield tag="650" ind1=" " ind2=" ">
      <subfield code="a"> POLITICA DE PERSONAL</subfield>
    </datafield>
    <datafield tag="650" ind1=" " ind2=" ">
      <subfield code="a"> SELECCION DEL PERSONAL</subfield>
    </datafield>
    <datafield tag="942" ind1=" " ind2=" ">
      <subfield code="c">BK</subfield>
    </datafield>
    <datafield tag="952" ind1=" " ind2=" ">
      <subfield code="a">BIB_RECT</subfield>
      <subfield code="b">BIB_UASJ</subfield>
      <subfield code="d">2016-06-22</subfield>
      <subfield code="y">BK</subfield>
      <subfield code="p">04-01171</subfield>
      <subfield code="i">04-01171</subfield>
      <subfield code="g">390</subfield>
      <subfield code="o">658.3 C532a2</subfield>
      <subfield code="e">UASJ</subfield>
      <subfield code="8">CG</subfield>
    </datafield>
    <datafield tag="952" ind1=" " ind2=" ">
      <subfield code="a">BIB_RECT</subfield>
      <subfield code="b">BIB_UARG</subfield>
      <subfield code="d">2016-06-22</subfield>
      <subfield code="y">BK</subfield>
      <subfield code="p">05-08468</subfield>
      <subfield code="i">05-08468</subfield>
      <subfield code="g">390</subfield>
      <subfield code="o">658.3 C532a2</subfield>
      <subfield code="e">Migracion UARG</subfield>
      <subfield code="8">CG</subfield>
    </datafield>
    <datafield tag="952" ind1=" " ind2=" ">
      <subfield code="a">BIB_RECT</subfield>
      <subfield code="b">BIB_UARG</subfield>
      <subfield code="d">2016-06-22</subfield>
      <subfield code="y">BK</subfield>
      <subfield code="p">05-12527</subfield>
      <subfield code="i">05-12527</subfield>
      <subfield code="g">390</subfield>
      <subfield code="o">658.3 C532a2</subfield>
      <subfield code="e">Migracion UARG</subfield>
      <subfield code="8">CG</subfield>
    </datafield>
  </record>