
  <record>
    <leader>01000aam  22002601a 4500</leader>
    <controlfield tag="001">YPZ100216</controlfield>
    <controlfield tag="003">YPZ</controlfield>
    <controlfield tag="005">201606221103340</controlfield>
    <controlfield tag="008">160622|###########||||||b||||||||||spa|d</controlfield>
    <datafield tag="020" ind1=" " ind2=" ">
      <subfield code="a">8483220822</subfield>
    </datafield>
    <datafield tag="040" ind1=" " ind2=" ">
      <subfield code="c">SIUNPA</subfield>
    </datafield>
    <datafield tag="041" ind1=" " ind2=" ">
      <subfield code="a">spa</subfield>
    </datafield>
    <datafield tag="044" ind1=" " ind2=" ">
      <subfield code="a">ES</subfield>
    </datafield>
    <datafield tag="080" ind1=" " ind2=" ">
      <subfield code="a">004.9 B781a</subfield>
    </datafield>
    <datafield tag="100" ind1=" " ind2=" ">
      <subfield code="a">Bouton, Gary David.</subfield>
    </datafield>
    <datafield tag="700" ind1=" " ind2=" ">
      <subfield code="a">Mancuso Bouton, Barbara.</subfield>
    </datafield>
    <datafield tag="245" ind1=" " ind2=" ">
      <subfield code="a">Adobe photoshop 5</subfield>
      <subfield code="c"> / Vuelapluma, tr.</subfield>
    </datafield>
    <datafield tag="250" ind1=" " ind2=" ">
      <subfield code="a">1a ed. en español</subfield>
    </datafield>
    <datafield tag="260" ind1=" " ind2=" ">
      <subfield code="a">Madrid</subfield>
      <subfield code="b"> : Prentice Hall</subfield>
      <subfield code="c"> , 1999</subfield>
    </datafield>
    <datafield tag="300" ind1=" " ind2=" ">
      <subfield code="a">190 p. : </subfield>
      <subfield code="a">206 p. : </subfield>
      <subfield code="b">il. ; </subfield>
      <subfield code="a">108 p. : </subfield>
      <subfield code="b">il. ; </subfield>
      <subfield code="a">122 p. : </subfield>
      <subfield code="b">il. ; </subfield>
      <subfield code="a">111 p. : </subfield>
      <subfield code="b">il. ; </subfield>
      <subfield code="a">111 p. : </subfield>
      <subfield code="b">il. ; </subfield>
      <subfield code="a">103 p. : </subfield>
      <subfield code="a">ix, 45 p. : </subfield>
      <subfield code="b">il. ; </subfield>
      <subfield code="a">487 p. : </subfield>
      <subfield code="b">il. ; </subfield>
      <subfield code="a">351 p. : </subfield>
      <subfield code="a">xvii, 540 p. : </subfield>
      <subfield code="b">il. ; </subfield>
      <subfield code="a">xxiii, 678 p. : </subfield>
      <subfield code="b">il. ; </subfield>
      <subfield code="e">1 CD-ROM en bolsillo</subfield>
    </datafield>
    <datafield tag="500" ind1=" " ind2=" ">
      <subfield code="a">En portada y cub.: Edición especial</subfield>
    </datafield>
    <datafield tag="500" ind1=" " ind2=" ">
      <subfield code="a">Subtít. de cub.: claro. Conciso. Fiable</subfield>
    </datafield>
    <datafield tag="505" ind1=" " ind2=" ">
      <subfield code="a">Contenido del CD-ROM: ejemplos reales, imágenes, fuentes, guías on-line y mucho más</subfield>
    </datafield>
    <datafield tag="650" ind1=" " ind2=" ">
      <subfield code="a"> PHOTOSHOP 5  FOTOGRAFIA</subfield>
    </datafield>
    <datafield tag="650" ind1=" " ind2=" ">
      <subfield code="a"> IMAGEN DIGITAL </subfield>
    </datafield>
    <datafield tag="650" ind1=" " ind2=" ">
      <subfield code="a"> PROGRAMA DE COMPUTACION</subfield>
    </datafield>
    <datafield tag="650" ind1=" " ind2=" ">
      <subfield code="a"> PROCESADO DIGITAL DE IMAGEN</subfield>
    </datafield>
    <datafield tag="650" ind1=" " ind2=" ">
      <subfield code="a"> INFORMATICA APLICADA</subfield>
    </datafield>
    <datafield tag="942" ind1=" " ind2=" ">
      <subfield code="c">BK</subfield>
    </datafield>
    <datafield tag="952" ind1=" " ind2=" ">
      <subfield code="a">BIB_RECT</subfield>
      <subfield code="b">BIB_UASJ</subfield>
      <subfield code="d">2016-06-22</subfield>
      <subfield code="y">BK</subfield>
      <subfield code="p">04-01185</subfield>
      <subfield code="i">04-01185</subfield>
      <subfield code="g">490</subfield>
      <subfield code="o">004.9 B781a</subfield>
      <subfield code="e">UASJ</subfield>
      <subfield code="8">CG</subfield>
    </datafield>
  </record>