
  <record>
    <leader>01000aam  22002601a 4500</leader>
    <controlfield tag="001">YPZ100219</controlfield>
    <controlfield tag="003">YPZ</controlfield>
    <controlfield tag="005">201606221314500</controlfield>
    <controlfield tag="008">160622|###########||||||b||||||||||spa|d</controlfield>
    <datafield tag="020" ind1=" " ind2=" ">
      <subfield code="a">8471143399</subfield>
    </datafield>
    <datafield tag="040" ind1=" " ind2=" ">
      <subfield code="c">SIUNPA</subfield>
    </datafield>
    <datafield tag="041" ind1=" " ind2=" ">
      <subfield code="a">spa</subfield>
    </datafield>
    <datafield tag="044" ind1=" " ind2=" ">
      <subfield code="a">ES</subfield>
    </datafield>
    <datafield tag="080" ind1=" " ind2=" ">
      <subfield code="a">639.3 C697a3</subfield>
    </datafield>
    <datafield tag="100" ind1=" " ind2=" ">
      <subfield code="a">Coll Morales, Julio.</subfield>
    </datafield>
    <datafield tag="245" ind1=" " ind2=" ">
      <subfield code="a">Acuicultura marina animal</subfield>
    </datafield>
    <datafield tag="250" ind1=" " ind2=" ">
      <subfield code="a">3a ed., rev.</subfield>
    </datafield>
    <datafield tag="260" ind1=" " ind2=" ">
      <subfield code="a">Madrid</subfield>
      <subfield code="b"> : Mundi-Prensa</subfield>
      <subfield code="c"> , 1991</subfield>
    </datafield>
    <datafield tag="650" ind1=" " ind2=" ">
      <subfield code="a"> ACUICULTURA</subfield>
    </datafield>
    <datafield tag="650" ind1=" " ind2=" ">
      <subfield code="a"> PISCICULTURA</subfield>
    </datafield>
    <datafield tag="650" ind1=" " ind2=" ">
      <subfield code="a"> RECURSOS MARINOS</subfield>
    </datafield>
    <datafield tag="942" ind1=" " ind2=" ">
      <subfield code="c">BK</subfield>
    </datafield>
    <datafield tag="952" ind1=" " ind2=" ">
      <subfield code="a">BIB_RECT</subfield>
      <subfield code="b">BIB_UASJ</subfield>
      <subfield code="d">2016-06-22</subfield>
      <subfield code="y">BK</subfield>
      <subfield code="p">04-01193</subfield>
      <subfield code="i">04-01193</subfield>
      <subfield code="g">390</subfield>
      <subfield code="o">639.3 C697a3</subfield>
      <subfield code="e">UASJ</subfield>
      <subfield code="8">CG</subfield>
    </datafield>
    <datafield tag="952" ind1=" " ind2=" ">
      <subfield code="a">BIB_RECT</subfield>
      <subfield code="b">BIB_UARG</subfield>
      <subfield code="d">2016-06-22</subfield>
      <subfield code="y">BK</subfield>
      <subfield code="p">05-14107</subfield>
      <subfield code="i">05-14107</subfield>
      <subfield code="g">390</subfield>
      <subfield code="o">639.3 C697a3</subfield>
      <subfield code="e">Migracion UARG</subfield>
      <subfield code="8">CG</subfield>
    </datafield>
    <datafield tag="952" ind1=" " ind2=" ">
      <subfield code="a">BIB_RECT</subfield>
      <subfield code="b">BIB_UARG</subfield>
      <subfield code="d">2016-06-22</subfield>
      <subfield code="y">BK</subfield>
      <subfield code="p">05-15430</subfield>
      <subfield code="i">05-15430</subfield>
      <subfield code="g">390</subfield>
      <subfield code="o">639.3 C697a3</subfield>
      <subfield code="e">Migracion UARG</subfield>
      <subfield code="8">CG</subfield>
    </datafield>
    <datafield tag="952" ind1=" " ind2=" ">
      <subfield code="a">BIB_RECT</subfield>
      <subfield code="b">BIB_UARG</subfield>
      <subfield code="d">2016-06-22</subfield>
      <subfield code="y">BK</subfield>
      <subfield code="p">05-15431</subfield>
      <subfield code="i">05-15431</subfield>
      <subfield code="g">390</subfield>
      <subfield code="o">639.3 C697a3</subfield>
      <subfield code="e">Migracion UARG</subfield>
      <subfield code="8">CG</subfield>
    </datafield>
  </record>