
  <record>
    <leader>01000aam  22002601a 4500</leader>
    <controlfield tag="001">YPZ100241</controlfield>
    <controlfield tag="003">YPZ</controlfield>
    <controlfield tag="005">201608041056450</controlfield>
    <controlfield tag="008">160804|###########||||||b||||||||||spa|d</controlfield>
    <datafield tag="020" ind1=" " ind2=" ">
      <subfield code="a">9789873714290</subfield>
    </datafield>
    <datafield tag="040" ind1=" " ind2=" ">
      <subfield code="c">SIUNPA</subfield>
    </datafield>
    <datafield tag="080" ind1=" " ind2=" ">
      <subfield code="a">7.01 A786a</subfield>
    </datafield>
    <datafield tag="100" ind1=" " ind2=" ">
      <subfield code="a">Enrici, Aldo.</subfield>
    </datafield>
    <datafield tag="700" ind1=" " ind2=" ">
      <subfield code="a">Ciselli, Graciela.</subfield>
    </datafield>
    <datafield tag="700" ind1=" " ind2=" ">
      <subfield code="a">Firpo, Rosana.</subfield>
    </datafield>
    <datafield tag="700" ind1=" " ind2=" ">
      <subfield code="a">Triviño, Marcela.</subfield>
    </datafield>
    <datafield tag="700" ind1=" " ind2=" ">
      <subfield code="a">Jara, Alejandra.</subfield>
    </datafield>
    <datafield tag="245" ind1=" " ind2=" ">
      <subfield code="a">Arte y filosofía</subfield>
      <subfield code="b"> : la cultura del cuidado del patrimonio histórico y la salud</subfield>
    </datafield>
    <datafield tag="250" ind1=" " ind2=" ">
      <subfield code="a">1a ed.</subfield>
    </datafield>
    <datafield tag="260" ind1=" " ind2=" ">
      <subfield code="a">Buenos Aires</subfield>
      <subfield code="b"> : Universidad Nacional de la Patagonia Austral, UNPAedita</subfield>
      <subfield code="c"> , 2016</subfield>
    </datafield>
    <datafield tag="650" ind1=" " ind2=" ">
      <subfield code="a"> FILOSOFIA DEL ARTE</subfield>
    </datafield>
    <datafield tag="650" ind1=" " ind2=" ">
      <subfield code="a"> FILOSOFIA </subfield>
    </datafield>
    <datafield tag="650" ind1=" " ind2=" ">
      <subfield code="a"> TEORIA DEL ARTE</subfield>
    </datafield>
    <datafield tag="650" ind1=" " ind2=" ">
      <subfield code="a"> FILOSOFIA DE LA HISTORIA </subfield>
    </datafield>
    <datafield tag="650" ind1=" " ind2=" ">
      <subfield code="a"> SALUD</subfield>
    </datafield>
    <datafield tag="942" ind1=" " ind2=" ">
      <subfield code="c">BK</subfield>
    </datafield>
    <datafield tag="952" ind1=" " ind2=" ">
      <subfield code="a">BIB_RECT</subfield>
      <subfield code="b">BIB_UACO</subfield>
      <subfield code="d">2016-08-05</subfield>
      <subfield code="y">BK</subfield>
      <subfield code="p">02-48138</subfield>
      <subfield code="i">02-48138</subfield>
      <subfield code="g">280</subfield>
      <subfield code="o">7.01 A786a</subfield>
      <subfield code="e">Sec. de Extensión</subfield>
      <subfield code="8">CG</subfield>
    </datafield>
    <datafield tag="952" ind1=" " ind2=" ">
      <subfield code="a">BIB_RECT</subfield>
      <subfield code="b">BIB_UACO</subfield>
      <subfield code="d">2016-08-05</subfield>
      <subfield code="y">BK</subfield>
      <subfield code="p">02-48139</subfield>
      <subfield code="i">02-48139</subfield>
      <subfield code="g">280</subfield>
      <subfield code="o">7.01 A786a</subfield>
      <subfield code="e">Sec. de Extensión</subfield>
      <subfield code="8">CG</subfield>
    </datafield>
    <datafield tag="952" ind1=" " ind2=" ">
      <subfield code="a">BIB_RECT</subfield>
      <subfield code="b">BIB_UACO</subfield>
      <subfield code="d">2016-08-05</subfield>
      <subfield code="y">BK</subfield>
      <subfield code="p">02-48140</subfield>
      <subfield code="i">02-48140</subfield>
      <subfield code="g">280</subfield>
      <subfield code="o">7.01 A786a</subfield>
      <subfield code="e">Sec. de Extensión</subfield>
      <subfield code="8">CG</subfield>
    </datafield>
    <datafield tag="952" ind1=" " ind2=" ">
      <subfield code="a">BIB_RECT</subfield>
      <subfield code="b">BIB_UART</subfield>
      <subfield code="d">2016-08-05</subfield>
      <subfield code="y">BK</subfield>
      <subfield code="p">03-48146</subfield>
      <subfield code="i">03-48146</subfield>
      <subfield code="g">280</subfield>
      <subfield code="o">7.01 A786a</subfield>
      <subfield code="e">Sec. de Extensión</subfield>
      <subfield code="8">CG</subfield>
    </datafield>
    <datafield tag="952" ind1=" " ind2=" ">
      <subfield code="a">BIB_RECT</subfield>
      <subfield code="b">BIB_UART</subfield>
      <subfield code="d">2016-08-05</subfield>
      <subfield code="y">BK</subfield>
      <subfield code="p">03-48147</subfield>
      <subfield code="i">03-48147</subfield>
      <subfield code="g">280</subfield>
      <subfield code="o">7.01 A786a</subfield>
      <subfield code="e">Sec. de Extensión</subfield>
      <subfield code="8">CG</subfield>
    </datafield>
    <datafield tag="952" ind1=" " ind2=" ">
      <subfield code="a">BIB_RECT</subfield>
      <subfield code="b">BIB_UART</subfield>
      <subfield code="d">2016-08-05</subfield>
      <subfield code="y">BK</subfield>
      <subfield code="p">03-48148</subfield>
      <subfield code="i">03-48148</subfield>
      <subfield code="g">280</subfield>
      <subfield code="o">7.01 A786a</subfield>
      <subfield code="e">Sec. de Extensión</subfield>
      <subfield code="8">CG</subfield>
    </datafield>
    <datafield tag="952" ind1=" " ind2=" ">
      <subfield code="a">BIB_RECT</subfield>
      <subfield code="b">BIB_UASJ</subfield>
      <subfield code="d">2016-08-04</subfield>
      <subfield code="y">BK</subfield>
      <subfield code="p">04-48130</subfield>
      <subfield code="i">04-48130</subfield>
      <subfield code="g">280</subfield>
      <subfield code="o">7.01 A786a</subfield>
      <subfield code="e">Sec. de Extensión</subfield>
      <subfield code="8">CG</subfield>
    </datafield>
    <datafield tag="952" ind1=" " ind2=" ">
      <subfield code="a">BIB_RECT</subfield>
      <subfield code="b">BIB_UASJ</subfield>
      <subfield code="d">2016-08-04</subfield>
      <subfield code="y">BK</subfield>
      <subfield code="p">04-48131</subfield>
      <subfield code="i">04-48131</subfield>
      <subfield code="g">280</subfield>
      <subfield code="o">7.01 A786a</subfield>
      <subfield code="e">Sec. de Extensión</subfield>
      <subfield code="8">CG</subfield>
    </datafield>
    <datafield tag="952" ind1=" " ind2=" ">
      <subfield code="a">BIB_RECT</subfield>
      <subfield code="b">BIB_UASJ</subfield>
      <subfield code="d">2016-08-05</subfield>
      <subfield code="y">BK</subfield>
      <subfield code="p">04-48132</subfield>
      <subfield code="i">04-48132</subfield>
      <subfield code="g">280</subfield>
      <subfield code="o">7.01 A786a</subfield>
      <subfield code="e">Sec. de Extensión</subfield>
      <subfield code="8">CG</subfield>
    </datafield>
    <datafield tag="952" ind1=" " ind2=" ">
      <subfield code="a">BIB_RECT</subfield>
      <subfield code="b">BIB_UASJ</subfield>
      <subfield code="d">2018-03-22</subfield>
      <subfield code="y">BK</subfield>
      <subfield code="p">04-49604</subfield>
      <subfield code="i">04-49604</subfield>
      <subfield code="g">280</subfield>
      <subfield code="o">7.01 A786a</subfield>
      <subfield code="e">Don. Ciselli, Graciela</subfield>
      <subfield code="8">CG</subfield>
    </datafield>
    <datafield tag="952" ind1=" " ind2=" ">
      <subfield code="a">BIB_RECT</subfield>
      <subfield code="b">BIB_UARG</subfield>
      <subfield code="d">2016-08-05</subfield>
      <subfield code="y">BK</subfield>
      <subfield code="p">05-48154</subfield>
      <subfield code="i">05-48154</subfield>
      <subfield code="g">280</subfield>
      <subfield code="o">7.01 A786a</subfield>
      <subfield code="e">Sec. de Extensión</subfield>
      <subfield code="8">CG</subfield>
    </datafield>
    <datafield tag="952" ind1=" " ind2=" ">
      <subfield code="a">BIB_RECT</subfield>
      <subfield code="b">BIB_UARG</subfield>
      <subfield code="d">2016-08-05</subfield>
      <subfield code="y">BK</subfield>
      <subfield code="p">05-48155</subfield>
      <subfield code="i">05-48155</subfield>
      <subfield code="g">280</subfield>
      <subfield code="o">7.01 A786a</subfield>
      <subfield code="e">Sec. de Extensión</subfield>
      <subfield code="8">CG</subfield>
    </datafield>
    <datafield tag="952" ind1=" " ind2=" ">
      <subfield code="a">BIB_RECT</subfield>
      <subfield code="b">BIB_UARG</subfield>
      <subfield code="d">2016-08-05</subfield>
      <subfield code="y">BK</subfield>
      <subfield code="p">05-48156</subfield>
      <subfield code="i">05-48156</subfield>
      <subfield code="g">280</subfield>
      <subfield code="o">7.01 A786a</subfield>
      <subfield code="e">Sec. de Extensión</subfield>
      <subfield code="8">CG</subfield>
    </datafield>
    <datafield tag="952" ind1=" " ind2=" ">
      <subfield code="a">BIB_RECT</subfield>
      <subfield code="b">SAT_TRUN</subfield>
      <subfield code="d">2016-08-08</subfield>
      <subfield code="y">BK</subfield>
      <subfield code="p">10-48165</subfield>
      <subfield code="i">10-48165</subfield>
      <subfield code="g">280</subfield>
      <subfield code="o">7.01 A786a</subfield>
      <subfield code="e">Sec. de Extensión</subfield>
      <subfield code="8">CG</subfield>
    </datafield>
    <datafield tag="952" ind1=" " ind2=" ">
      <subfield code="a">BIB_RECT</subfield>
      <subfield code="b">SAT_PBNA</subfield>
      <subfield code="d">2016-08-08</subfield>
      <subfield code="y">BK</subfield>
      <subfield code="p">11-48174</subfield>
      <subfield code="i">11-48174</subfield>
      <subfield code="g">280</subfield>
      <subfield code="o">7.01 A786a</subfield>
      <subfield code="e">Sec. de Extensión</subfield>
      <subfield code="8">CG</subfield>
    </datafield>
    <datafield tag="952" ind1=" " ind2=" ">
      <subfield code="a">BIB_RECT</subfield>
      <subfield code="b">BIB_RECT</subfield>
      <subfield code="d">2016-08-08</subfield>
      <subfield code="y">BK</subfield>
      <subfield code="p">12-48177</subfield>
      <subfield code="i">12-48177</subfield>
      <subfield code="g">280</subfield>
      <subfield code="o">7.01 A786a</subfield>
      <subfield code="e">Sec. de Extensión</subfield>
      <subfield code="8">CG</subfield>
    </datafield>
    <datafield tag="952" ind1=" " ind2=" ">
      <subfield code="a">BIB_RECT</subfield>
      <subfield code="b">SAT_PDES</subfield>
      <subfield code="d">2016-08-08</subfield>
      <subfield code="y">BK</subfield>
      <subfield code="p">16-48162</subfield>
      <subfield code="i">16-48162</subfield>
      <subfield code="g">280</subfield>
      <subfield code="o">7.01 A786a</subfield>
      <subfield code="e">Sec. de Extensión</subfield>
      <subfield code="8">CG</subfield>
    </datafield>
    <datafield tag="952" ind1=" " ind2=" ">
      <subfield code="a">BIB_RECT</subfield>
      <subfield code="b">BIB_RECT</subfield>
      <subfield code="d">2016-08-08</subfield>
      <subfield code="y">BK</subfield>
      <subfield code="p">17-48168</subfield>
      <subfield code="i">17-48168</subfield>
      <subfield code="g">280</subfield>
      <subfield code="o">7.01 A786a</subfield>
      <subfield code="e">Sec. de Extensión</subfield>
      <subfield code="8">CG</subfield>
    </datafield>
    <datafield tag="952" ind1=" " ind2=" ">
      <subfield code="a">BIB_RECT</subfield>
      <subfield code="b">SAT_GREG</subfield>
      <subfield code="d">2016-08-08</subfield>
      <subfield code="y">BK</subfield>
      <subfield code="p">18-48171</subfield>
      <subfield code="i">18-48171</subfield>
      <subfield code="g">250</subfield>
      <subfield code="o">7.01 A786a</subfield>
      <subfield code="e">Sec. de Extensión</subfield>
      <subfield code="8">CG</subfield>
    </datafield>
  </record>