
  <record>
    <leader>01000aam  22002601a 4500</leader>
    <controlfield tag="001">YPZ100242</controlfield>
    <controlfield tag="003">YPZ</controlfield>
    <controlfield tag="005">201608050912020</controlfield>
    <controlfield tag="008">160805|###########||||||b||||||||||spa|d</controlfield>
    <datafield tag="020" ind1=" " ind2=" ">
      <subfield code="a">9789873714184</subfield>
    </datafield>
    <datafield tag="040" ind1=" " ind2=" ">
      <subfield code="c">SIUNPA</subfield>
    </datafield>
    <datafield tag="041" ind1=" " ind2=" ">
      <subfield code="a">spa</subfield>
    </datafield>
    <datafield tag="044" ind1=" " ind2=" ">
      <subfield code="a">AR</subfield>
    </datafield>
    <datafield tag="080" ind1=" " ind2=" ">
      <subfield code="a">94(7/8) A512amer</subfield>
    </datafield>
    <datafield tag="100" ind1=" " ind2=" ">
      <subfield code="a">Luque, Gabriela.</subfield>
    </datafield>
    <datafield tag="700" ind1=" " ind2=" ">
      <subfield code="a">Luque, Élida Irene.</subfield>
    </datafield>
    <datafield tag="700" ind1=" " ind2=" ">
      <subfield code="a">Salemi, Paulina.</subfield>
    </datafield>
    <datafield tag="700" ind1=" " ind2=" ">
      <subfield code="a">Altamirano, Tatiana.</subfield>
    </datafield>
    <datafield tag="700" ind1=" " ind2=" ">
      <subfield code="a">Castillo, Cristian.</subfield>
    </datafield>
    <datafield tag="700" ind1=" " ind2=" ">
      <subfield code="a">Salcedo, Romina.</subfield>
    </datafield>
    <datafield tag="700" ind1=" " ind2=" ">
      <subfield code="a">Saldivia, Silvia.</subfield>
    </datafield>
    <datafield tag="245" ind1=" " ind2=" ">
      <subfield code="a">América Latina, palabra en acción</subfield>
      <subfield code="b"> : intelectuales y discursos 1910-1950</subfield>
    </datafield>
    <datafield tag="250" ind1=" " ind2=" ">
      <subfield code="a">1a ed.</subfield>
    </datafield>
    <datafield tag="260" ind1=" " ind2=" ">
      <subfield code="a">Buenos Aires</subfield>
      <subfield code="b"> : Universidad Nacional de la Patagonia Austral, UNPAedita</subfield>
      <subfield code="c"> , 2013</subfield>
    </datafield>
    <datafield tag="650" ind1=" " ind2=" ">
      <subfield code="a"> HISTORIA DE AMERICA LATINA  INTELECTUALES</subfield>
    </datafield>
    <datafield tag="650" ind1=" " ind2=" ">
      <subfield code="a"> HISTORIA DE LA CULTURA</subfield>
    </datafield>
    <datafield tag="650" ind1=" " ind2=" ">
      <subfield code="a"> AMERICA LATINA</subfield>
    </datafield>
    <datafield tag="650" ind1=" " ind2=" ">
      <subfield code="a"> SIGLO XX</subfield>
    </datafield>
    <datafield tag="942" ind1=" " ind2=" ">
      <subfield code="c">BK</subfield>
    </datafield>
    <datafield tag="952" ind1=" " ind2=" ">
      <subfield code="a">BIB_RECT</subfield>
      <subfield code="b">BIB_UACO</subfield>
      <subfield code="d">2016-08-05</subfield>
      <subfield code="y">BK</subfield>
      <subfield code="p">02-48141</subfield>
      <subfield code="i">02-48141</subfield>
      <subfield code="g">200</subfield>
      <subfield code="o">94(7/8) A512amer</subfield>
      <subfield code="e">Sec. de Extensión</subfield>
      <subfield code="8">CG</subfield>
    </datafield>
    <datafield tag="952" ind1=" " ind2=" ">
      <subfield code="a">BIB_RECT</subfield>
      <subfield code="b">BIB_UACO</subfield>
      <subfield code="d">2016-08-05</subfield>
      <subfield code="y">BK</subfield>
      <subfield code="p">02-48142</subfield>
      <subfield code="i">02-48142</subfield>
      <subfield code="g">200</subfield>
      <subfield code="o">94(7/8) A512amer</subfield>
      <subfield code="e">Sec. de Extensión</subfield>
      <subfield code="8">CG</subfield>
    </datafield>
    <datafield tag="952" ind1=" " ind2=" ">
      <subfield code="a">BIB_RECT</subfield>
      <subfield code="b">BIB_UACO</subfield>
      <subfield code="d">2016-08-05</subfield>
      <subfield code="y">BK</subfield>
      <subfield code="p">02-48143</subfield>
      <subfield code="i">02-48143</subfield>
      <subfield code="g">200</subfield>
      <subfield code="o">94(7/8) A512amer</subfield>
      <subfield code="e">Sec. de Extensión</subfield>
      <subfield code="8">CG</subfield>
    </datafield>
    <datafield tag="952" ind1=" " ind2=" ">
      <subfield code="a">BIB_RECT</subfield>
      <subfield code="b">BIB_UART</subfield>
      <subfield code="d">2016-08-05</subfield>
      <subfield code="y">BK</subfield>
      <subfield code="p">03-48149</subfield>
      <subfield code="i">03-48149</subfield>
      <subfield code="g">200</subfield>
      <subfield code="o">94(7/8) A512amer</subfield>
      <subfield code="e">Sec. de Extensión</subfield>
      <subfield code="8">CG</subfield>
    </datafield>
    <datafield tag="952" ind1=" " ind2=" ">
      <subfield code="a">BIB_RECT</subfield>
      <subfield code="b">BIB_UART</subfield>
      <subfield code="d">2016-08-05</subfield>
      <subfield code="y">BK</subfield>
      <subfield code="p">03-48150</subfield>
      <subfield code="i">03-48150</subfield>
      <subfield code="g">200</subfield>
      <subfield code="o">94(7/8) A512amer</subfield>
      <subfield code="e">Sec. de Extensión</subfield>
      <subfield code="8">CG</subfield>
    </datafield>
    <datafield tag="952" ind1=" " ind2=" ">
      <subfield code="a">BIB_RECT</subfield>
      <subfield code="b">BIB_UART</subfield>
      <subfield code="d">2016-08-05</subfield>
      <subfield code="y">BK</subfield>
      <subfield code="p">03-48151</subfield>
      <subfield code="i">03-48151</subfield>
      <subfield code="g">200</subfield>
      <subfield code="o">94(7/8) A512amer</subfield>
      <subfield code="e">Sec. de Extensión</subfield>
      <subfield code="8">CG</subfield>
    </datafield>
    <datafield tag="952" ind1=" " ind2=" ">
      <subfield code="a">BIB_RECT</subfield>
      <subfield code="b">BIB_UASJ</subfield>
      <subfield code="d">2016-08-05</subfield>
      <subfield code="y">BK</subfield>
      <subfield code="p">04-48133</subfield>
      <subfield code="i">04-48133</subfield>
      <subfield code="g">200</subfield>
      <subfield code="o">94(7/8) A512amer</subfield>
      <subfield code="e">Sec. de Extensión</subfield>
      <subfield code="8">CG</subfield>
    </datafield>
    <datafield tag="952" ind1=" " ind2=" ">
      <subfield code="a">BIB_RECT</subfield>
      <subfield code="b">BIB_UASJ</subfield>
      <subfield code="d">2016-08-05</subfield>
      <subfield code="y">BK</subfield>
      <subfield code="p">04-48134</subfield>
      <subfield code="i">04-48134</subfield>
      <subfield code="g">200</subfield>
      <subfield code="o">94(7/8) A512amer</subfield>
      <subfield code="e">Sec. de Extensión</subfield>
      <subfield code="8">CG</subfield>
    </datafield>
    <datafield tag="952" ind1=" " ind2=" ">
      <subfield code="a">BIB_RECT</subfield>
      <subfield code="b">BIB_UASJ</subfield>
      <subfield code="d">2016-08-05</subfield>
      <subfield code="y">BK</subfield>
      <subfield code="p">04-48135</subfield>
      <subfield code="i">04-48135</subfield>
      <subfield code="g">200</subfield>
      <subfield code="o">94(7/8) A512amer</subfield>
      <subfield code="e">Sec. de Extensión</subfield>
      <subfield code="8">CG</subfield>
    </datafield>
    <datafield tag="952" ind1=" " ind2=" ">
      <subfield code="a">BIB_RECT</subfield>
      <subfield code="b">BIB_UARG</subfield>
      <subfield code="d">2016-08-05</subfield>
      <subfield code="y">BK</subfield>
      <subfield code="p">05-48157</subfield>
      <subfield code="i">05-48157</subfield>
      <subfield code="g">200</subfield>
      <subfield code="o">94(7/8) A512amer</subfield>
      <subfield code="e">Sec. de Extensión</subfield>
      <subfield code="8">CG</subfield>
    </datafield>
    <datafield tag="952" ind1=" " ind2=" ">
      <subfield code="a">BIB_RECT</subfield>
      <subfield code="b">BIB_UARG</subfield>
      <subfield code="d">2016-08-05</subfield>
      <subfield code="y">BK</subfield>
      <subfield code="p">05-48158</subfield>
      <subfield code="i">05-48158</subfield>
      <subfield code="g">200</subfield>
      <subfield code="o">94(7/8) A512amer</subfield>
      <subfield code="e">Sec. de Extensión</subfield>
      <subfield code="8">CG</subfield>
    </datafield>
    <datafield tag="952" ind1=" " ind2=" ">
      <subfield code="a">BIB_RECT</subfield>
      <subfield code="b">BIB_UARG</subfield>
      <subfield code="d">2016-08-05</subfield>
      <subfield code="y">BK</subfield>
      <subfield code="p">05-48159</subfield>
      <subfield code="i">05-48159</subfield>
      <subfield code="g">250</subfield>
      <subfield code="o">94(7/8) A512amer</subfield>
      <subfield code="e">Sec. de Extensión</subfield>
      <subfield code="8">CG</subfield>
    </datafield>
    <datafield tag="952" ind1=" " ind2=" ">
      <subfield code="a">BIB_RECT</subfield>
      <subfield code="b">BIB_UARG</subfield>
      <subfield code="d">2017-11-23</subfield>
      <subfield code="y">BK</subfield>
      <subfield code="p">05-49355</subfield>
      <subfield code="i">05-49355</subfield>
      <subfield code="g">200</subfield>
      <subfield code="o">94(7/8) A512amer</subfield>
      <subfield code="e">Donación Luque, Gabriela</subfield>
      <subfield code="8">CG</subfield>
    </datafield>
    <datafield tag="952" ind1=" " ind2=" ">
      <subfield code="a">BIB_RECT</subfield>
      <subfield code="b">BIB_UARG</subfield>
      <subfield code="d">2017-11-22</subfield>
      <subfield code="y">BK</subfield>
      <subfield code="p">05-49356</subfield>
      <subfield code="i">05-49356</subfield>
      <subfield code="g">200</subfield>
      <subfield code="o">94(7/8) A512amer</subfield>
      <subfield code="e">Donación Luque, Gabriela</subfield>
      <subfield code="8">CG</subfield>
    </datafield>
    <datafield tag="952" ind1=" " ind2=" ">
      <subfield code="a">BIB_RECT</subfield>
      <subfield code="b">SAT_TRUN</subfield>
      <subfield code="d">2016-08-08</subfield>
      <subfield code="y">BK</subfield>
      <subfield code="p">10-48166</subfield>
      <subfield code="i">10-48166</subfield>
      <subfield code="g">200</subfield>
      <subfield code="o">94(7/8) A512amer</subfield>
      <subfield code="e">Sec. de Extensión</subfield>
      <subfield code="8">CG</subfield>
    </datafield>
    <datafield tag="952" ind1=" " ind2=" ">
      <subfield code="a">BIB_RECT</subfield>
      <subfield code="b">SAT_PBNA</subfield>
      <subfield code="d">2016-08-08</subfield>
      <subfield code="y">BK</subfield>
      <subfield code="p">11-48175</subfield>
      <subfield code="i">11-48175</subfield>
      <subfield code="g">200</subfield>
      <subfield code="o">94(7/8) A512amer</subfield>
      <subfield code="e">Sec. de Extensión</subfield>
      <subfield code="8">CG</subfield>
    </datafield>
    <datafield tag="952" ind1=" " ind2=" ">
      <subfield code="a">BIB_RECT</subfield>
      <subfield code="b">BIB_RECT</subfield>
      <subfield code="d">2016-08-08</subfield>
      <subfield code="y">BK</subfield>
      <subfield code="p">12-48178</subfield>
      <subfield code="i">12-48178</subfield>
      <subfield code="g">200</subfield>
      <subfield code="o">94(7/8) A512amer</subfield>
      <subfield code="e">Sec. de Extensión</subfield>
      <subfield code="8">CG</subfield>
    </datafield>
    <datafield tag="952" ind1=" " ind2=" ">
      <subfield code="a">BIB_RECT</subfield>
      <subfield code="b">SAT_PDES</subfield>
      <subfield code="d">2016-08-08</subfield>
      <subfield code="y">BK</subfield>
      <subfield code="p">16-48163</subfield>
      <subfield code="i">16-48163</subfield>
      <subfield code="g">200</subfield>
      <subfield code="o">94(7/8) A512amer</subfield>
      <subfield code="e">Sec. de Extensión</subfield>
      <subfield code="8">CG</subfield>
    </datafield>
    <datafield tag="952" ind1=" " ind2=" ">
      <subfield code="a">BIB_RECT</subfield>
      <subfield code="b">BIB_RECT</subfield>
      <subfield code="d">2016-08-08</subfield>
      <subfield code="y">BK</subfield>
      <subfield code="p">17-48169</subfield>
      <subfield code="i">17-48169</subfield>
      <subfield code="g">200</subfield>
      <subfield code="o">94(7/8) A512amer</subfield>
      <subfield code="e">Sec. de Extensión</subfield>
      <subfield code="8">CG</subfield>
    </datafield>
    <datafield tag="952" ind1=" " ind2=" ">
      <subfield code="a">BIB_RECT</subfield>
      <subfield code="b">SAT_GREG</subfield>
      <subfield code="d">2016-08-08</subfield>
      <subfield code="y">BK</subfield>
      <subfield code="p">18-48172</subfield>
      <subfield code="i">18-48172</subfield>
      <subfield code="g">200</subfield>
      <subfield code="o">94(7/8) A512amer</subfield>
      <subfield code="e">Sec. de Extensión</subfield>
      <subfield code="8">CG</subfield>
    </datafield>
  </record>