
  <record>
    <leader>01000aam  22002601a 4500</leader>
    <controlfield tag="001">YPZ100243</controlfield>
    <controlfield tag="003">YPZ</controlfield>
    <controlfield tag="005">201608091126170</controlfield>
    <controlfield tag="008">160809|###########||||||b||||||||||spa|d</controlfield>
    <datafield tag="040" ind1=" " ind2=" ">
      <subfield code="c">SIUNPA</subfield>
    </datafield>
    <datafield tag="041" ind1=" " ind2=" ">
      <subfield code="a">spa</subfield>
    </datafield>
    <datafield tag="044" ind1=" " ind2=" ">
      <subfield code="a">AR</subfield>
    </datafield>
    <datafield tag="080" ind1=" " ind2=" ">
      <subfield code="a">338.48 G345g</subfield>
    </datafield>
    <datafield tag="245" ind1=" " ind2=" ">
      <subfield code="a">Geografía turística Asia, África y Oceanía</subfield>
    </datafield>
    <datafield tag="260" ind1=" " ind2=" ">
      <subfield code="a">Buenos Aires</subfield>
      <subfield code="b"> : Escuelas Argentina de Negocios, EAN</subfield>
      <subfield code="c"> , [2009?]</subfield>
    </datafield>
    <datafield tag="440" ind1=" " ind2=" ">
      <subfield code="a">Santillana EGB</subfield>
      <subfield code="a">Serie del faro</subfield>
      <subfield code="a">Formación profesional la gestión de empresa. Educación a distancia</subfield>
      <subfield code="v">1-8</subfield>
    </datafield>
    <datafield tag="490" ind1=" " ind2=" ">
      <subfield code="a">Santillana EGB</subfield>
      <subfield code="a">Serie del faro</subfield>
      <subfield code="a">Formación profesional la gestión de empresa. Educación a distancia</subfield>
      <subfield code="v">1-8</subfield>
    </datafield>
    <datafield tag="500" ind1=" " ind2=" ">
      <subfield code="a">La biblioteca posee Unidad didáctica 1-8</subfield>
    </datafield>
    <datafield tag="505" ind1=" " ind2=" ">
      <subfield code="a">Contenido: Unidad didáctica I. Los paisajes de Asia -- Unidad didáctica 2. La India. Un subcontinente dentro del Continente Asiático -- Unidad didáctica 3. El Sudeste Asiático -- Unidad didáctica 4. China y los Orígenes de una cultura milenaria -- Unidad didáctica 5. Cercano Oriente - Oriente Medio -- Unidad didáctica 6. África. La cuna de la humanidad -- Unidad didáctica 7. Un recorrido por el noroeste Africano -- Unidad didáctica 8. Del Apartheid a la democracia</subfield>
    </datafield>
    <datafield tag="650" ind1=" " ind2=" ">
      <subfield code="a"> TURISMO  GEOGRAFIA</subfield>
    </datafield>
    <datafield tag="650" ind1=" " ind2=" ">
      <subfield code="a"> ACTIVIDADES DE APRENDIZAJE</subfield>
    </datafield>
    <datafield tag="650" ind1=" " ind2=" ">
      <subfield code="a"> EDUCACION A DISTANCIA </subfield>
    </datafield>
    <datafield tag="650" ind1=" " ind2=" ">
      <subfield code="a"> METODOS DE ENSEÑANZA</subfield>
    </datafield>
    <datafield tag="650" ind1=" " ind2=" ">
      <subfield code="a"> ASIA </subfield>
    </datafield>
    <datafield tag="650" ind1=" " ind2=" ">
      <subfield code="a"> AFRICA </subfield>
    </datafield>
    <datafield tag="650" ind1=" " ind2=" ">
      <subfield code="a"> OCEANIA</subfield>
    </datafield>
    <datafield tag="942" ind1=" " ind2=" ">
      <subfield code="c">BK</subfield>
    </datafield>
    <datafield tag="952" ind1=" " ind2=" ">
      <subfield code="a">BIB_RECT</subfield>
      <subfield code="b">BIB_UASJ</subfield>
      <subfield code="d">2016-08-09</subfield>
      <subfield code="y">BK</subfield>
      <subfield code="p">04-48180</subfield>
      <subfield code="i">04-48180</subfield>
      <subfield code="g">40</subfield>
      <subfield code="o">338.48 G345g</subfield>
      <subfield code="e">Donación</subfield>
      <subfield code="8">CG</subfield>
    </datafield>
    <datafield tag="952" ind1=" " ind2=" ">
      <subfield code="a">BIB_RECT</subfield>
      <subfield code="b">BIB_UASJ</subfield>
      <subfield code="d">2016-08-10</subfield>
      <subfield code="y">BK</subfield>
      <subfield code="p">04-48181</subfield>
      <subfield code="i">04-48181</subfield>
      <subfield code="g">40</subfield>
      <subfield code="o">338.48 G345g</subfield>
      <subfield code="e">Donación</subfield>
      <subfield code="8">CG</subfield>
    </datafield>
    <datafield tag="952" ind1=" " ind2=" ">
      <subfield code="a">BIB_RECT</subfield>
      <subfield code="b">BIB_UASJ</subfield>
      <subfield code="d">2016-08-10</subfield>
      <subfield code="y">BK</subfield>
      <subfield code="p">04-48182</subfield>
      <subfield code="i">04-48182</subfield>
      <subfield code="g">40</subfield>
      <subfield code="o">338.48 G345g</subfield>
      <subfield code="e">Donación</subfield>
      <subfield code="8">CG</subfield>
    </datafield>
    <datafield tag="952" ind1=" " ind2=" ">
      <subfield code="a">BIB_RECT</subfield>
      <subfield code="b">BIB_UASJ</subfield>
      <subfield code="d">2016-08-10</subfield>
      <subfield code="y">BK</subfield>
      <subfield code="p">04-48183</subfield>
      <subfield code="i">04-48183</subfield>
      <subfield code="g">40</subfield>
      <subfield code="o">338.48 G345g</subfield>
      <subfield code="e">Donación</subfield>
      <subfield code="8">CG</subfield>
    </datafield>
    <datafield tag="952" ind1=" " ind2=" ">
      <subfield code="a">BIB_RECT</subfield>
      <subfield code="b">BIB_UASJ</subfield>
      <subfield code="d">2016-08-10</subfield>
      <subfield code="y">BK</subfield>
      <subfield code="p">04-48184</subfield>
      <subfield code="i">04-48184</subfield>
      <subfield code="g">40</subfield>
      <subfield code="o">338.48 G345g</subfield>
      <subfield code="e">Donación</subfield>
      <subfield code="8">CG</subfield>
    </datafield>
    <datafield tag="952" ind1=" " ind2=" ">
      <subfield code="a">BIB_RECT</subfield>
      <subfield code="b">BIB_UASJ</subfield>
      <subfield code="d">2016-08-10</subfield>
      <subfield code="y">BK</subfield>
      <subfield code="p">04-48185</subfield>
      <subfield code="i">04-48185</subfield>
      <subfield code="g">40</subfield>
      <subfield code="o">338.48 G345g</subfield>
      <subfield code="e">Donación</subfield>
      <subfield code="8">CG</subfield>
    </datafield>
    <datafield tag="952" ind1=" " ind2=" ">
      <subfield code="a">BIB_RECT</subfield>
      <subfield code="b">BIB_UASJ</subfield>
      <subfield code="d">2016-08-10</subfield>
      <subfield code="y">BK</subfield>
      <subfield code="p">04-48186</subfield>
      <subfield code="i">04-48186</subfield>
      <subfield code="g">40</subfield>
      <subfield code="o">338.48 G345g</subfield>
      <subfield code="e">Donación</subfield>
      <subfield code="8">CG</subfield>
    </datafield>
    <datafield tag="952" ind1=" " ind2=" ">
      <subfield code="a">BIB_RECT</subfield>
      <subfield code="b">BIB_UASJ</subfield>
      <subfield code="d">2016-08-10</subfield>
      <subfield code="y">BK</subfield>
      <subfield code="p">04-48187</subfield>
      <subfield code="i">04-48187</subfield>
      <subfield code="g">40</subfield>
      <subfield code="o">338.48 G345g</subfield>
      <subfield code="e">Donación</subfield>
      <subfield code="8">CG</subfield>
    </datafield>
  </record>