
  <record>
    <leader>01000aam  22002601a 4500</leader>
    <controlfield tag="001">YPZ100249</controlfield>
    <controlfield tag="003">YPZ</controlfield>
    <controlfield tag="005">201608121101210</controlfield>
    <controlfield tag="008">160812|###########||||||b||||||||||spa|d</controlfield>
    <datafield tag="020" ind1=" " ind2=" ">
      <subfield code="a">9789563589948</subfield>
    </datafield>
    <datafield tag="040" ind1=" " ind2=" ">
      <subfield code="c">SIUNPA</subfield>
    </datafield>
    <datafield tag="041" ind1=" " ind2=" ">
      <subfield code="a">spa</subfield>
    </datafield>
    <datafield tag="044" ind1=" " ind2=" ">
      <subfield code="a">AR</subfield>
    </datafield>
    <datafield tag="080" ind1=" " ind2=" ">
      <subfield code="a">94(828) P294p</subfield>
    </datafield>
    <datafield tag="245" ind1=" " ind2=" ">
      <subfield code="a">Patagonia bravía</subfield>
      <subfield code="b"> : naturaleza, vidas y aventuras</subfield>
      <subfield code="c"> / Grace Paz, Gladys G., ed. y tr. ; Campbell, Duncan S., ed. y tr. ;  Fernández Cánepa, Julieta, il.</subfield>
    </datafield>
    <datafield tag="250" ind1=" " ind2=" ">
      <subfield code="a">1a ed.</subfield>
    </datafield>
    <datafield tag="260" ind1=" " ind2=" ">
      <subfield code="a">Buenos Aires</subfield>
      <subfield code="b"> : G. Grace, ed.</subfield>
      <subfield code="b"> : D. Campbell, ed.</subfield>
      <subfield code="c"> , 2015</subfield>
    </datafield>
    <datafield tag="500" ind1=" " ind2=" ">
      <subfield code="a">En portada: memorias originales del baqueano William H. Greenwood</subfield>
    </datafield>
    <datafield tag="650" ind1=" " ind2=" ">
      <subfield code="a"> HISTORIA ARGENTINA</subfield>
    </datafield>
    <datafield tag="650" ind1=" " ind2=" ">
      <subfield code="a"> REGION PATAGONICA</subfield>
    </datafield>
    <datafield tag="650" ind1=" " ind2=" ">
      <subfield code="a"> HISTORIA CULTURAL</subfield>
    </datafield>
    <datafield tag="650" ind1=" " ind2=" ">
      <subfield code="a"> SIGLO XIX</subfield>
    </datafield>
    <datafield tag="650" ind1=" " ind2=" ">
      <subfield code="a"> GREENWOOD, WILLIAM H. (1849–1923)</subfield>
    </datafield>
    <datafield tag="942" ind1=" " ind2=" ">
      <subfield code="c">BK</subfield>
    </datafield>
    <datafield tag="952" ind1=" " ind2=" ">
      <subfield code="a">BIB_RECT</subfield>
      <subfield code="b">BIB_UARG</subfield>
      <subfield code="d">2016-08-12</subfield>
      <subfield code="y">BK</subfield>
      <subfield code="p">05-48235</subfield>
      <subfield code="i">05-48235</subfield>
      <subfield code="g">450</subfield>
      <subfield code="o">94(828) P294p</subfield>
      <subfield code="e">Grac Paz, Gladys G.</subfield>
      <subfield code="8">CG</subfield>
    </datafield>
  </record>