
  <record>
    <leader>01000aam  22002601a 4500</leader>
    <controlfield tag="001">YPZ100251</controlfield>
    <controlfield tag="003">YPZ</controlfield>
    <controlfield tag="005">201608171018250</controlfield>
    <controlfield tag="008">160817|###########||||||b||||||||||spa|d</controlfield>
    <datafield tag="040" ind1=" " ind2=" ">
      <subfield code="c">SIUNPA</subfield>
    </datafield>
    <datafield tag="041" ind1=" " ind2=" ">
      <subfield code="a">spa</subfield>
    </datafield>
    <datafield tag="044" ind1=" " ind2=" ">
      <subfield code="a">AR</subfield>
    </datafield>
    <datafield tag="080" ind1=" " ind2=" ">
      <subfield code="a">658.8 M345marketi</subfield>
    </datafield>
    <datafield tag="245" ind1=" " ind2=" ">
      <subfield code="a">Marketing operativo y estrátegico</subfield>
    </datafield>
    <datafield tag="260" ind1=" " ind2=" ">
      <subfield code="a">Buenos Aires</subfield>
      <subfield code="b"> : Escuelas Argentina de Negocios, EAN</subfield>
      <subfield code="c"> , [2009?]</subfield>
    </datafield>
    <datafield tag="440" ind1=" " ind2=" ">
      <subfield code="a">Argentina debate</subfield>
      <subfield code="a">Formación profesional la gestión de empresa. Educación a distancia</subfield>
      <subfield code="v">1-8</subfield>
    </datafield>
    <datafield tag="490" ind1=" " ind2=" ">
      <subfield code="a">Argentina debate</subfield>
      <subfield code="a">Formación profesional la gestión de empresa. Educación a distancia</subfield>
      <subfield code="v">1-8</subfield>
    </datafield>
    <datafield tag="500" ind1=" " ind2=" ">
      <subfield code="a">La biblioteca posee Unidad didáctica 1-8</subfield>
    </datafield>
    <datafield tag="505" ind1=" " ind2=" ">
      <subfield code="a">Contenido: Unidad didáctica I. Introducción al marketing estratégico -- Unidad didáctica 2. Introducción al marketing operativo -- Unidad didáctica 3. El plan de marketing -- Unidad didáctica 4. La segmentación de mercados -- Unidad didáctica 5. El servicio como producto eficiente -- Unidad didáctica 6. El posicionamiento, estrategias diversificadas -- Unidad didáctica 7. La venta de servicios turísticos -- Unidad didáctica 8. Las oportunidades aplicadas al turismo</subfield>
    </datafield>
    <datafield tag="650" ind1=" " ind2=" ">
      <subfield code="a"> MARKETING</subfield>
    </datafield>
    <datafield tag="650" ind1=" " ind2=" ">
      <subfield code="a"> ESTUDIOS DE MERCADO</subfield>
    </datafield>
    <datafield tag="650" ind1=" " ind2=" ">
      <subfield code="a"> VENTA </subfield>
    </datafield>
    <datafield tag="650" ind1=" " ind2=" ">
      <subfield code="a"> GESTION DE VENTAS</subfield>
    </datafield>
    <datafield tag="650" ind1=" " ind2=" ">
      <subfield code="a"> ESTRATEGIA COMERCIAL </subfield>
    </datafield>
    <datafield tag="650" ind1=" " ind2=" ">
      <subfield code="a"> POLITICA DE PRECIOS</subfield>
    </datafield>
    <datafield tag="650" ind1=" " ind2=" ">
      <subfield code="a"> PLAN DE MARKETING</subfield>
    </datafield>
    <datafield tag="942" ind1=" " ind2=" ">
      <subfield code="c">BK</subfield>
    </datafield>
    <datafield tag="952" ind1=" " ind2=" ">
      <subfield code="a">BIB_RECT</subfield>
      <subfield code="b">BIB_UASJ</subfield>
      <subfield code="d">2016-08-17</subfield>
      <subfield code="y">BK</subfield>
      <subfield code="p">04-48188</subfield>
      <subfield code="i">04-48188</subfield>
      <subfield code="g">40</subfield>
      <subfield code="o">658.8 M345marketi</subfield>
      <subfield code="e">Donación</subfield>
      <subfield code="8">CG</subfield>
    </datafield>
    <datafield tag="952" ind1=" " ind2=" ">
      <subfield code="a">BIB_RECT</subfield>
      <subfield code="b">BIB_UASJ</subfield>
      <subfield code="d">2016-08-17</subfield>
      <subfield code="y">BK</subfield>
      <subfield code="p">04-48189</subfield>
      <subfield code="i">04-48189</subfield>
      <subfield code="g">40</subfield>
      <subfield code="o">658.8 M345marketi</subfield>
      <subfield code="e">Donación</subfield>
      <subfield code="8">CG</subfield>
    </datafield>
    <datafield tag="952" ind1=" " ind2=" ">
      <subfield code="a">BIB_RECT</subfield>
      <subfield code="b">BIB_UASJ</subfield>
      <subfield code="d">2016-08-17</subfield>
      <subfield code="y">BK</subfield>
      <subfield code="p">04-48190</subfield>
      <subfield code="i">04-48190</subfield>
      <subfield code="g">40</subfield>
      <subfield code="o">658.8 M345marketi</subfield>
      <subfield code="e">Donación</subfield>
      <subfield code="8">CG</subfield>
    </datafield>
    <datafield tag="952" ind1=" " ind2=" ">
      <subfield code="a">BIB_RECT</subfield>
      <subfield code="b">BIB_UASJ</subfield>
      <subfield code="d">2016-08-17</subfield>
      <subfield code="y">BK</subfield>
      <subfield code="p">04-48191</subfield>
      <subfield code="i">04-48191</subfield>
      <subfield code="g">40</subfield>
      <subfield code="o">658.8 M345marketi</subfield>
      <subfield code="e">Donación</subfield>
      <subfield code="8">CG</subfield>
    </datafield>
    <datafield tag="952" ind1=" " ind2=" ">
      <subfield code="a">BIB_RECT</subfield>
      <subfield code="b">BIB_UASJ</subfield>
      <subfield code="d">2016-08-17</subfield>
      <subfield code="y">BK</subfield>
      <subfield code="p">04-48192</subfield>
      <subfield code="i">04-48192</subfield>
      <subfield code="g">40</subfield>
      <subfield code="o">658.8 M345marketi</subfield>
      <subfield code="e">Donación</subfield>
      <subfield code="8">CG</subfield>
    </datafield>
    <datafield tag="952" ind1=" " ind2=" ">
      <subfield code="a">BIB_RECT</subfield>
      <subfield code="b">BIB_UASJ</subfield>
      <subfield code="d">2016-08-17</subfield>
      <subfield code="y">BK</subfield>
      <subfield code="p">04-48193</subfield>
      <subfield code="i">04-48193</subfield>
      <subfield code="g">40</subfield>
      <subfield code="o">658.8 M345marketi</subfield>
      <subfield code="e">Donación</subfield>
      <subfield code="8">CG</subfield>
    </datafield>
    <datafield tag="952" ind1=" " ind2=" ">
      <subfield code="a">BIB_RECT</subfield>
      <subfield code="b">BIB_UASJ</subfield>
      <subfield code="d">2016-08-17</subfield>
      <subfield code="y">BK</subfield>
      <subfield code="p">04-48194</subfield>
      <subfield code="i">04-48194</subfield>
      <subfield code="g">40</subfield>
      <subfield code="o">658.8 M345marketi</subfield>
      <subfield code="e">Donación</subfield>
      <subfield code="8">CG</subfield>
    </datafield>
    <datafield tag="952" ind1=" " ind2=" ">
      <subfield code="a">BIB_RECT</subfield>
      <subfield code="b">BIB_UASJ</subfield>
      <subfield code="d">2016-08-17</subfield>
      <subfield code="y">BK</subfield>
      <subfield code="p">04-48195</subfield>
      <subfield code="i">04-48195</subfield>
      <subfield code="g">40</subfield>
      <subfield code="o">658.8 M345marketi</subfield>
      <subfield code="e">Donación</subfield>
      <subfield code="8">CG</subfield>
    </datafield>
  </record>