
  <record>
    <leader>01000aam  22002601a 4500</leader>
    <controlfield tag="001">YPZ100252</controlfield>
    <controlfield tag="003">YPZ</controlfield>
    <controlfield tag="005">201608181002510</controlfield>
    <controlfield tag="008">160818|###########||||||b||||||||||spa|d</controlfield>
    <datafield tag="040" ind1=" " ind2=" ">
      <subfield code="c">SIUNPA</subfield>
    </datafield>
    <datafield tag="041" ind1=" " ind2=" ">
      <subfield code="a">spa</subfield>
    </datafield>
    <datafield tag="044" ind1=" " ind2=" ">
      <subfield code="a">AR</subfield>
    </datafield>
    <datafield tag="080" ind1=" " ind2=" ">
      <subfield code="a">640.41:338.48 I619i</subfield>
    </datafield>
    <datafield tag="245" ind1=" " ind2=" ">
      <subfield code="a">Introducción a la hotelería y el turismo</subfield>
    </datafield>
    <datafield tag="260" ind1=" " ind2=" ">
      <subfield code="a">Buenos Aires</subfield>
      <subfield code="b"> : Escuelas Argentina de Negocios, EAN</subfield>
      <subfield code="c"> , [2009?]</subfield>
    </datafield>
    <datafield tag="440" ind1=" " ind2=" ">
      <subfield code="a">Formacion profesional la gestión de empresa. Educación a distancia</subfield>
      <subfield code="v">1-9</subfield>
    </datafield>
    <datafield tag="490" ind1=" " ind2=" ">
      <subfield code="a">Formacion profesional la gestión de empresa. Educación a distancia</subfield>
      <subfield code="v">1-9</subfield>
    </datafield>
    <datafield tag="500" ind1=" " ind2=" ">
      <subfield code="a">La biblioteca posee Unidad didáctica 1-9</subfield>
    </datafield>
    <datafield tag="505" ind1=" " ind2=" ">
      <subfield code="a">Contenido: Unidad didáctica I. El turismo -- Unidad didáctica 2. Los orígenes (parte I) -- Unidad didáctica 3. Los orígenes (parte 2) -- Unidad didáctica 4. Componentes del turismo -- Unidad didáctica 5. Comienzos de la hotelería -- Unidad didáctica 6. Tipos de turismo -- Unidad didáctica 7. El sistema turístico -- Unidad didáctica 8. Valor, costo y satisfacción del turismo -- Unidad didáctica 9. Parque nacionales y reservas provinciales</subfield>
    </datafield>
    <datafield tag="650" ind1=" " ind2=" ">
      <subfield code="a"> INDUSTRIA HOTELERA</subfield>
    </datafield>
    <datafield tag="650" ind1=" " ind2=" ">
      <subfield code="a"> TURISMO</subfield>
    </datafield>
    <datafield tag="650" ind1=" " ind2=" ">
      <subfield code="a"> GESTION EMPRESARIAL</subfield>
    </datafield>
    <datafield tag="650" ind1=" " ind2=" ">
      <subfield code="a"> HOTELES</subfield>
    </datafield>
    <datafield tag="650" ind1=" " ind2=" ">
      <subfield code="a"> POLITICA TURISTICA </subfield>
    </datafield>
    <datafield tag="650" ind1=" " ind2=" ">
      <subfield code="a"> PARQUES NACIONALES</subfield>
    </datafield>
    <datafield tag="942" ind1=" " ind2=" ">
      <subfield code="c">BK</subfield>
    </datafield>
    <datafield tag="952" ind1=" " ind2=" ">
      <subfield code="a">BIB_RECT</subfield>
      <subfield code="b">BIB_UASJ</subfield>
      <subfield code="d">2016-08-18</subfield>
      <subfield code="y">BK</subfield>
      <subfield code="p">04-48205</subfield>
      <subfield code="i">04-48205</subfield>
      <subfield code="g">40</subfield>
      <subfield code="o">640.41:338.48 I619i</subfield>
      <subfield code="e">Donación</subfield>
      <subfield code="8">CG</subfield>
    </datafield>
    <datafield tag="952" ind1=" " ind2=" ">
      <subfield code="a">BIB_RECT</subfield>
      <subfield code="b">BIB_UASJ</subfield>
      <subfield code="d">2016-08-18</subfield>
      <subfield code="y">BK</subfield>
      <subfield code="p">04-48206</subfield>
      <subfield code="i">04-48206</subfield>
      <subfield code="g">40</subfield>
      <subfield code="o">640.41:338.48 I619i</subfield>
      <subfield code="e">Donación</subfield>
      <subfield code="8">CG</subfield>
    </datafield>
    <datafield tag="952" ind1=" " ind2=" ">
      <subfield code="a">BIB_RECT</subfield>
      <subfield code="b">BIB_UASJ</subfield>
      <subfield code="d">2016-08-18</subfield>
      <subfield code="y">BK</subfield>
      <subfield code="p">04-48207</subfield>
      <subfield code="i">04-48207</subfield>
      <subfield code="g">40</subfield>
      <subfield code="o">640.41:338.48 I619i</subfield>
      <subfield code="e">Donación</subfield>
      <subfield code="8">CG</subfield>
    </datafield>
    <datafield tag="952" ind1=" " ind2=" ">
      <subfield code="a">BIB_RECT</subfield>
      <subfield code="b">BIB_UASJ</subfield>
      <subfield code="d">2016-08-18</subfield>
      <subfield code="y">BK</subfield>
      <subfield code="p">04-48208</subfield>
      <subfield code="i">04-48208</subfield>
      <subfield code="g">40</subfield>
      <subfield code="o">640.41:338.48 I619i</subfield>
      <subfield code="e">Donación</subfield>
      <subfield code="8">CG</subfield>
    </datafield>
    <datafield tag="952" ind1=" " ind2=" ">
      <subfield code="a">BIB_RECT</subfield>
      <subfield code="b">BIB_UASJ</subfield>
      <subfield code="d">2016-08-18</subfield>
      <subfield code="y">BK</subfield>
      <subfield code="p">04-48209</subfield>
      <subfield code="i">04-48209</subfield>
      <subfield code="g">40</subfield>
      <subfield code="o">640.41:338.48 I619i</subfield>
      <subfield code="e">Donación</subfield>
      <subfield code="8">CG</subfield>
    </datafield>
    <datafield tag="952" ind1=" " ind2=" ">
      <subfield code="a">BIB_RECT</subfield>
      <subfield code="b">BIB_UASJ</subfield>
      <subfield code="d">2016-08-18</subfield>
      <subfield code="y">BK</subfield>
      <subfield code="p">04-48210</subfield>
      <subfield code="i">04-48210</subfield>
      <subfield code="g">40</subfield>
      <subfield code="o">640.41:338.48 I619i</subfield>
      <subfield code="e">Donación</subfield>
      <subfield code="8">CG</subfield>
    </datafield>
    <datafield tag="952" ind1=" " ind2=" ">
      <subfield code="a">BIB_RECT</subfield>
      <subfield code="b">BIB_UASJ</subfield>
      <subfield code="d">2016-08-18</subfield>
      <subfield code="y">BK</subfield>
      <subfield code="p">04-48211</subfield>
      <subfield code="i">04-48211</subfield>
      <subfield code="g">40</subfield>
      <subfield code="o">640.41:338.48 I619i</subfield>
      <subfield code="e">Donación</subfield>
      <subfield code="8">CG</subfield>
    </datafield>
    <datafield tag="952" ind1=" " ind2=" ">
      <subfield code="a">BIB_RECT</subfield>
      <subfield code="b">BIB_UASJ</subfield>
      <subfield code="d">2016-08-18</subfield>
      <subfield code="y">BK</subfield>
      <subfield code="p">04-48212</subfield>
      <subfield code="i">04-48212</subfield>
      <subfield code="g">40</subfield>
      <subfield code="o">640.41:338.48 I619i</subfield>
      <subfield code="e">Donación</subfield>
      <subfield code="8">CG</subfield>
    </datafield>
    <datafield tag="952" ind1=" " ind2=" ">
      <subfield code="a">BIB_RECT</subfield>
      <subfield code="b">BIB_UASJ</subfield>
      <subfield code="d">2016-08-18</subfield>
      <subfield code="y">BK</subfield>
      <subfield code="p">04-48213</subfield>
      <subfield code="i">04-48213</subfield>
      <subfield code="g">40</subfield>
      <subfield code="o">640.41:338.48 I619i</subfield>
      <subfield code="e">Donación</subfield>
      <subfield code="8">CG</subfield>
    </datafield>
  </record>