
  <record>
    <leader>01000aam  22002601a 4500</leader>
    <controlfield tag="001">YPZ100253</controlfield>
    <controlfield tag="003">YPZ</controlfield>
    <controlfield tag="005">201608181054120</controlfield>
    <controlfield tag="008">160818|###########||||||b||||||||||spa|d</controlfield>
    <datafield tag="040" ind1=" " ind2=" ">
      <subfield code="c">SIUNPA</subfield>
    </datafield>
    <datafield tag="041" ind1=" " ind2=" ">
      <subfield code="a">spa</subfield>
    </datafield>
    <datafield tag="044" ind1=" " ind2=" ">
      <subfield code="a">AR</subfield>
    </datafield>
    <datafield tag="080" ind1=" " ind2=" ">
      <subfield code="a">94(100) H673h</subfield>
    </datafield>
    <datafield tag="245" ind1=" " ind2=" ">
      <subfield code="a">Historia del arte universal</subfield>
    </datafield>
    <datafield tag="260" ind1=" " ind2=" ">
      <subfield code="a">Buenos Aires</subfield>
      <subfield code="b"> : Escuelas Argentina de Negocios, EAN</subfield>
      <subfield code="c"> , [2009?]</subfield>
    </datafield>
    <datafield tag="440" ind1=" " ind2=" ">
      <subfield code="a">Formación profesional la gestión de empresa. Educación a distancia</subfield>
      <subfield code="v">1-4, 6-9</subfield>
    </datafield>
    <datafield tag="490" ind1=" " ind2=" ">
      <subfield code="a">Formación profesional la gestión de empresa. Educación a distancia</subfield>
      <subfield code="v">1-4, 6-9</subfield>
    </datafield>
    <datafield tag="500" ind1=" " ind2=" ">
      <subfield code="a">La biblioteca posee Unidad didáctica 1-4, 6-9</subfield>
    </datafield>
    <datafield tag="505" ind1=" " ind2=" ">
      <subfield code="a">Contenido: Unidad didáctica I. Arte y cultura -- Unidad didáctica 2. La civilización del metal -- Unidad didáctica 3. Arte griego -- Unidad didáctica 4. Arte romano -- Unidad didáctica 6. Renacimiento italiano -- Unidad didáctica 7. Arte Mulsuman -- Unidad didáctica 8. Arte barroco -- Unidad didáctica 9. El neoclasicismo - La pintura del siglo XX - El art nuveau</subfield>
    </datafield>
    <datafield tag="650" ind1=" " ind2=" ">
      <subfield code="a"> HISTORIA UNIVERSAL</subfield>
    </datafield>
    <datafield tag="650" ind1=" " ind2=" ">
      <subfield code="a"> HISTORIA CULTURAL</subfield>
    </datafield>
    <datafield tag="650" ind1=" " ind2=" ">
      <subfield code="a"> HISTORIA DEL ARTE</subfield>
    </datafield>
    <datafield tag="942" ind1=" " ind2=" ">
      <subfield code="c">BK</subfield>
    </datafield>
    <datafield tag="952" ind1=" " ind2=" ">
      <subfield code="a">BIB_RECT</subfield>
      <subfield code="b">BIB_UASJ</subfield>
      <subfield code="d">2016-08-18</subfield>
      <subfield code="y">BK</subfield>
      <subfield code="p">04-48196</subfield>
      <subfield code="i">04-48196</subfield>
      <subfield code="g">40</subfield>
      <subfield code="o">94(100) H673h</subfield>
      <subfield code="e">Donación</subfield>
      <subfield code="8">CG</subfield>
    </datafield>
    <datafield tag="952" ind1=" " ind2=" ">
      <subfield code="a">BIB_RECT</subfield>
      <subfield code="b">BIB_UASJ</subfield>
      <subfield code="d">2016-08-18</subfield>
      <subfield code="y">BK</subfield>
      <subfield code="p">04-48197</subfield>
      <subfield code="i">04-48197</subfield>
      <subfield code="g">40</subfield>
      <subfield code="o">94(100) H673h</subfield>
      <subfield code="e">Donación</subfield>
      <subfield code="8">CG</subfield>
    </datafield>
    <datafield tag="952" ind1=" " ind2=" ">
      <subfield code="a">BIB_RECT</subfield>
      <subfield code="b">BIB_UASJ</subfield>
      <subfield code="d">2016-08-18</subfield>
      <subfield code="y">BK</subfield>
      <subfield code="p">04-48198</subfield>
      <subfield code="i">04-48198</subfield>
      <subfield code="g">40</subfield>
      <subfield code="o">94(100) H673h</subfield>
      <subfield code="e">Donación</subfield>
      <subfield code="8">CG</subfield>
    </datafield>
    <datafield tag="952" ind1=" " ind2=" ">
      <subfield code="a">BIB_RECT</subfield>
      <subfield code="b">BIB_UASJ</subfield>
      <subfield code="d">2016-08-18</subfield>
      <subfield code="y">BK</subfield>
      <subfield code="p">04-48199</subfield>
      <subfield code="i">04-48199</subfield>
      <subfield code="g">40</subfield>
      <subfield code="o">94(100) H673h</subfield>
      <subfield code="e">Donación</subfield>
      <subfield code="8">CG</subfield>
    </datafield>
    <datafield tag="952" ind1=" " ind2=" ">
      <subfield code="a">BIB_RECT</subfield>
      <subfield code="b">BIB_UASJ</subfield>
      <subfield code="d">2016-08-18</subfield>
      <subfield code="y">BK</subfield>
      <subfield code="p">04-48200</subfield>
      <subfield code="i">04-48200</subfield>
      <subfield code="g">40</subfield>
      <subfield code="o">94(100) H673h</subfield>
      <subfield code="e">Donación</subfield>
      <subfield code="8">CG</subfield>
    </datafield>
    <datafield tag="952" ind1=" " ind2=" ">
      <subfield code="a">BIB_RECT</subfield>
      <subfield code="b">BIB_UASJ</subfield>
      <subfield code="d">2016-08-19</subfield>
      <subfield code="y">BK</subfield>
      <subfield code="p">04-48201</subfield>
      <subfield code="i">04-48201</subfield>
      <subfield code="g">40</subfield>
      <subfield code="o">94(100) H673h</subfield>
      <subfield code="e">Donación</subfield>
      <subfield code="8">CG</subfield>
    </datafield>
    <datafield tag="952" ind1=" " ind2=" ">
      <subfield code="a">BIB_RECT</subfield>
      <subfield code="b">BIB_UASJ</subfield>
      <subfield code="d">2016-08-19</subfield>
      <subfield code="y">BK</subfield>
      <subfield code="p">04-48202</subfield>
      <subfield code="i">04-48202</subfield>
      <subfield code="g">40</subfield>
      <subfield code="o">94(100) H673h</subfield>
      <subfield code="e">Donación</subfield>
      <subfield code="8">CG</subfield>
    </datafield>
    <datafield tag="952" ind1=" " ind2=" ">
      <subfield code="a">BIB_RECT</subfield>
      <subfield code="b">BIB_UASJ</subfield>
      <subfield code="d">2016-08-19</subfield>
      <subfield code="y">BK</subfield>
      <subfield code="p">04-48203</subfield>
      <subfield code="i">04-48203</subfield>
      <subfield code="g">40</subfield>
      <subfield code="o">94(100) H673h</subfield>
      <subfield code="e">Donación</subfield>
      <subfield code="8">CG</subfield>
    </datafield>
    <datafield tag="952" ind1=" " ind2=" ">
      <subfield code="a">BIB_RECT</subfield>
      <subfield code="b">BIB_UASJ</subfield>
      <subfield code="d">2016-08-19</subfield>
      <subfield code="y">BK</subfield>
      <subfield code="p">04-48204</subfield>
      <subfield code="i">04-48204</subfield>
      <subfield code="g">40</subfield>
      <subfield code="o">94(100) H673h</subfield>
      <subfield code="e">Donación</subfield>
      <subfield code="8">CG</subfield>
    </datafield>
  </record>