
  <record>
    <leader>01000aam  22002601a 4500</leader>
    <controlfield tag="001">YPZ100289</controlfield>
    <controlfield tag="003">YPZ</controlfield>
    <controlfield tag="005">200601102200310</controlfield>
    <controlfield tag="008">060110|###########||||||b||||||||||spa|d</controlfield>
    <datafield tag="020" ind1=" " ind2=" ">
      <subfield code="a">9788429126204</subfield>
    </datafield>
    <datafield tag="040" ind1=" " ind2=" ">
      <subfield code="c">SIUNPA</subfield>
    </datafield>
    <datafield tag="041" ind1=" " ind2=" ">
      <subfield code="a">spa</subfield>
    </datafield>
    <datafield tag="044" ind1=" " ind2=" ">
      <subfield code="a">ES</subfield>
    </datafield>
    <datafield tag="080" ind1=" " ind2=" ">
      <subfield code="a">004.2 E824e4</subfield>
    </datafield>
    <datafield tag="100" ind1=" " ind2=" ">
      <subfield code="a">Patterson, David A. y John Hennessy. Con contribuciones de Alexander Perry, Peter J. Ashenden, Javier Bruguera, Jichuan Chang, Matthew Farrens, David Kaeli, Nicole Kaiyan, David Kirk, James R. Larus, Jacob Leverich, Kevin Lim, John Nickolls, John Oliver, Milos Prvulovic,  Partha Ranganathan.</subfield>
    </datafield>
    <datafield tag="245" ind1=" " ind2=" ">
      <subfield code="a">Estructura y diseño de computadores</subfield>
      <subfield code="b"> : la interfaz software/hardware</subfield>
      <subfield code="c"> / Díaz Bruguera, Javier, tr.</subfield>
    </datafield>
    <datafield tag="250" ind1=" " ind2=" ">
      <subfield code="a">4a ed.</subfield>
    </datafield>
    <datafield tag="260" ind1=" " ind2=" ">
      <subfield code="a">Barcelona</subfield>
      <subfield code="b"> : Reverté</subfield>
      <subfield code="c"> , 2011</subfield>
    </datafield>
    <datafield tag="500" ind1=" " ind2=" ">
      <subfield code="a">En portada: Traducción de la cuarta edición en lengua inglesa</subfield>
    </datafield>
    <datafield tag="650" ind1=" " ind2=" ">
      <subfield code="a"> ARQUITECTURA DE COMPUTADORAS</subfield>
    </datafield>
    <datafield tag="942" ind1=" " ind2=" ">
      <subfield code="c">BK</subfield>
    </datafield>
    <datafield tag="952" ind1=" " ind2=" ">
      <subfield code="a">BIB_RECT</subfield>
      <subfield code="b">BIB_UARG</subfield>
      <subfield code="d">2006-01-10</subfield>
      <subfield code="y">BK</subfield>
      <subfield code="p">05-48436</subfield>
      <subfield code="i">05-48436</subfield>
      <subfield code="g">1287</subfield>
      <subfield code="o">004.2 E824e4</subfield>
      <subfield code="e">Compra SIUNPA/16</subfield>
      <subfield code="8">CG</subfield>
    </datafield>
  </record>