
  <record>
    <leader>01000aam  22002601a 4500</leader>
    <controlfield tag="001">YPZ100296</controlfield>
    <controlfield tag="003">YPZ</controlfield>
    <controlfield tag="005">201611150916030</controlfield>
    <controlfield tag="008">161115|###########||||||b||||||||||spa|d</controlfield>
    <datafield tag="020" ind1=" " ind2=" ">
      <subfield code="a">9789502317199</subfield>
    </datafield>
    <datafield tag="040" ind1=" " ind2=" ">
      <subfield code="c">SIUNPA</subfield>
    </datafield>
    <datafield tag="041" ind1=" " ind2=" ">
      <subfield code="a">spa</subfield>
    </datafield>
    <datafield tag="044" ind1=" " ind2=" ">
      <subfield code="a">AR</subfield>
    </datafield>
    <datafield tag="080" ind1=" " ind2=" ">
      <subfield code="a">316.6 P919p</subfield>
    </datafield>
    <datafield tag="245" ind1=" " ind2=" ">
      <subfield code="a">Praxis psicosocial comunitaria en salud</subfield>
      <subfield code="b"> : campos epistémicos y prácticas participativas</subfield>
      <subfield code="c"> / Zaldúa, Graciela, comp. ; Bottinelli, María Mercedes, comp.</subfield>
    </datafield>
    <datafield tag="250" ind1=" " ind2=" ">
      <subfield code="a">1a ed.</subfield>
    </datafield>
    <datafield tag="260" ind1=" " ind2=" ">
      <subfield code="a">Buenos Aires</subfield>
      <subfield code="b"> : Eudeba</subfield>
      <subfield code="c"> , 2010</subfield>
    </datafield>
    <datafield tag="650" ind1=" " ind2=" ">
      <subfield code="a"> PSICOLOGIA SOCIAL</subfield>
    </datafield>
    <datafield tag="650" ind1=" " ind2=" ">
      <subfield code="a"> SALUD PUBLICA</subfield>
    </datafield>
    <datafield tag="942" ind1=" " ind2=" ">
      <subfield code="c">BK</subfield>
    </datafield>
    <datafield tag="952" ind1=" " ind2=" ">
      <subfield code="a">BIB_RECT</subfield>
      <subfield code="b">BIB_UACO</subfield>
      <subfield code="d">2016-11-15</subfield>
      <subfield code="y">BK</subfield>
      <subfield code="p">02-48392</subfield>
      <subfield code="i">02-48392</subfield>
      <subfield code="g">127</subfield>
      <subfield code="o">316.6 P919p</subfield>
      <subfield code="e">Compra SIUNPA/16</subfield>
      <subfield code="8">CG</subfield>
    </datafield>
    <datafield tag="952" ind1=" " ind2=" ">
      <subfield code="a">BIB_RECT</subfield>
      <subfield code="b">BIB_UACO</subfield>
      <subfield code="d">2016-11-26</subfield>
      <subfield code="y">BK</subfield>
      <subfield code="p">02-48393</subfield>
      <subfield code="i">02-48393</subfield>
      <subfield code="g">127</subfield>
      <subfield code="o">316.6 P919p</subfield>
      <subfield code="e">Compra SIUNPA/16</subfield>
      <subfield code="8">CG</subfield>
    </datafield>
    <datafield tag="952" ind1=" " ind2=" ">
      <subfield code="a">BIB_RECT</subfield>
      <subfield code="b">BIB_UARG</subfield>
      <subfield code="d">2017-08-28</subfield>
      <subfield code="y">BK</subfield>
      <subfield code="p">05-48819</subfield>
      <subfield code="i">05-48819</subfield>
      <subfield code="g">330</subfield>
      <subfield code="o">316.6 P919p</subfield>
      <subfield code="e">Muniz, Ma. Inés</subfield>
      <subfield code="8">CG</subfield>
    </datafield>
  </record>