
  <record>
    <leader>01000aam  22002601a 4500</leader>
    <controlfield tag="001">YPZ100308</controlfield>
    <controlfield tag="003">YPZ</controlfield>
    <controlfield tag="005">201611230956520</controlfield>
    <controlfield tag="008">161123|###########||||||b||||||||||spa|d</controlfield>
    <datafield tag="020" ind1=" " ind2=" ">
      <subfield code="a">9780321605788</subfield>
    </datafield>
    <datafield tag="020" ind1=" " ind2=" ">
      <subfield code="a">0.321.60578.0</subfield>
    </datafield>
    <datafield tag="040" ind1=" " ind2=" ">
      <subfield code="c">SIUNPA</subfield>
    </datafield>
    <datafield tag="041" ind1=" " ind2=" ">
      <subfield code="a">eng</subfield>
    </datafield>
    <datafield tag="044" ind1=" " ind2=" ">
      <subfield code="a">US</subfield>
    </datafield>
    <datafield tag="080" ind1=" " ind2=" ">
      <subfield code="a">004.415.2 P592a</subfield>
    </datafield>
    <datafield tag="100" ind1=" " ind2=" ">
      <subfield code="a">Pichler, Roman.</subfield>
    </datafield>
    <datafield tag="245" ind1=" " ind2=" ">
      <subfield code="a">Agile product management with Scrum</subfield>
      <subfield code="b"> : creating products that customers love</subfield>
    </datafield>
    <datafield tag="260" ind1=" " ind2=" ">
      <subfield code="a">Upper Saddle River, N.J.</subfield>
      <subfield code="b"> : Addison-Wesley</subfield>
      <subfield code="c"> , 2010</subfield>
    </datafield>
    <datafield tag="650" ind1=" " ind2=" ">
      <subfield code="a"> DESARROLLO DE SOFTWARE</subfield>
    </datafield>
    <datafield tag="942" ind1=" " ind2=" ">
      <subfield code="c">BK</subfield>
    </datafield>
    <datafield tag="952" ind1=" " ind2=" ">
      <subfield code="a">BIB_RECT</subfield>
      <subfield code="b">BIB_UARG</subfield>
      <subfield code="d">2016-11-23</subfield>
      <subfield code="y">BK</subfield>
      <subfield code="p">05-48303</subfield>
      <subfield code="i">05-48303</subfield>
      <subfield code="g">980</subfield>
      <subfield code="o">004.415.2 P592a</subfield>
      <subfield code="e">PROMUNF</subfield>
      <subfield code="8">CG</subfield>
    </datafield>
  </record>