
  <record>
    <leader>01000aam  22002601a 4500</leader>
    <controlfield tag="001">YPZ100316</controlfield>
    <controlfield tag="003">YPZ</controlfield>
    <controlfield tag="005">201612011005340</controlfield>
    <controlfield tag="008">161201|###########||||||b||||||||||spa|d</controlfield>
    <datafield tag="020" ind1=" " ind2=" ">
      <subfield code="a">3527308954</subfield>
    </datafield>
    <datafield tag="040" ind1=" " ind2=" ">
      <subfield code="c">SIUNPA</subfield>
    </datafield>
    <datafield tag="041" ind1=" " ind2=" ">
      <subfield code="a">eng</subfield>
    </datafield>
    <datafield tag="044" ind1=" " ind2=" ">
      <subfield code="a">DE</subfield>
    </datafield>
    <datafield tag="080" ind1=" " ind2=" ">
      <subfield code="a">57.08 S348p</subfield>
    </datafield>
    <datafield tag="100" ind1=" " ind2=" ">
      <subfield code="a">Schmid, Rolf D..</subfield>
    </datafield>
    <datafield tag="245" ind1=" " ind2=" ">
      <subfield code="a">Pocket guide to biotechnology and genetic engineering</subfield>
      <subfield code="c"> / Hammelehle, Ruth, il.</subfield>
    </datafield>
    <datafield tag="260" ind1=" " ind2=" ">
      <subfield code="a">Weinheim</subfield>
      <subfield code="b"> : Wiley-VCH</subfield>
      <subfield code="c"> , 2003</subfield>
    </datafield>
    <datafield tag="500" ind1=" " ind2=" ">
      <subfield code="a">en portada: 142 color plates / Ruth Hammelehle</subfield>
    </datafield>
    <datafield tag="650" ind1=" " ind2=" ">
      <subfield code="a"> BIOTECNOLOGIA</subfield>
    </datafield>
    <datafield tag="942" ind1=" " ind2=" ">
      <subfield code="c">BK</subfield>
    </datafield>
    <datafield tag="952" ind1=" " ind2=" ">
      <subfield code="a">BIB_RECT</subfield>
      <subfield code="b">BIB_UARG</subfield>
      <subfield code="d">2016-12-01</subfield>
      <subfield code="y">BK</subfield>
      <subfield code="p">05-48420</subfield>
      <subfield code="i">05-48420</subfield>
      <subfield code="g">760</subfield>
      <subfield code="o">57.08 S348p</subfield>
      <subfield code="e">PROMFORZ</subfield>
      <subfield code="8">CG</subfield>
    </datafield>
  </record>