
  <record>
    <leader>01000aam  22002601a 4500</leader>
    <controlfield tag="001">YPZ100317</controlfield>
    <controlfield tag="003">YPZ</controlfield>
    <controlfield tag="005">201612020901000</controlfield>
    <controlfield tag="008">161202|###########||||||b||||||||||spa|d</controlfield>
    <datafield tag="020" ind1=" " ind2=" ">
      <subfield code="a">3540574190</subfield>
    </datafield>
    <datafield tag="020" ind1=" " ind2=" ">
      <subfield code="a">0387574190</subfield>
    </datafield>
    <datafield tag="040" ind1=" " ind2=" ">
      <subfield code="c">SIUNPA</subfield>
    </datafield>
    <datafield tag="041" ind1=" " ind2=" ">
      <subfield code="a">eng</subfield>
    </datafield>
    <datafield tag="044" ind1=" " ind2=" ">
      <subfield code="a">US</subfield>
      <subfield code="a">DE</subfield>
    </datafield>
    <datafield tag="080" ind1=" " ind2=" ">
      <subfield code="a">004.65 I612c 1</subfield>
    </datafield>
    <datafield tag="110" ind1=" " ind2=" ">
      <subfield code="a">International Conference, CIKM '92 (1st : 1992 : Baltimore, Md.).</subfield>
    </datafield>
    <datafield tag="245" ind1=" " ind2=" ">
      <subfield code="a">International conference on information and knowledge management</subfield>
      <subfield code="b"> : expanding the definition of database</subfield>
      <subfield code="c"> / Finin, Timothy W., ed. ; 	Nicholas, Charles K., ed. ; Yesha, Yelena,  ed.</subfield>
    </datafield>
    <datafield tag="260" ind1=" " ind2=" ">
      <subfield code="a">Berlin</subfield>
      <subfield code="a">New York, N.Y.</subfield>
      <subfield code="b"> : Springer-Verlag</subfield>
      <subfield code="c"> , 1993</subfield>
    </datafield>
    <datafield tag="440" ind1=" " ind2=" ">
      <subfield code="a">Colección investigación, desarrollo e innovación</subfield>
      <subfield code="a">Vela al viento</subfield>
      <subfield code="a">Colección institucional</subfield>
      <subfield code="a">No ficción</subfield>
      <subfield code="a">Colección Estructuras y procesos. Serie derecho</subfield>
      <subfield code="a">Management. Conocimiento</subfield>
      <subfield code="a">Savvy manager's guides</subfield>
      <subfield code="a">Psicología / Eudeba</subfield>
      <subfield code="a">Biblioteca básica de historia</subfield>
      <subfield code="a">Colección Historia de la educación latinoamericana</subfield>
      <subfield code="a">Enterprise software development series</subfield>
      <subfield code="a">Robert C. Martin series</subfield>
      <subfield code="a">Addison-Wesley signature series</subfield>
      <subfield code="a">Paso a paso</subfield>
      <subfield code="a">Lecture notes in computer science</subfield>
      <subfield code="v">752</subfield>
    </datafield>
    <datafield tag="490" ind1=" " ind2=" ">
      <subfield code="a">Colección investigación, desarrollo e innovación</subfield>
      <subfield code="a">Vela al viento</subfield>
      <subfield code="a">Colección institucional</subfield>
      <subfield code="a">No ficción</subfield>
      <subfield code="a">Colección Estructuras y procesos. Serie derecho</subfield>
      <subfield code="a">Management. Conocimiento</subfield>
      <subfield code="a">Savvy manager's guides</subfield>
      <subfield code="a">Psicología / Eudeba</subfield>
      <subfield code="a">Biblioteca básica de historia</subfield>
      <subfield code="a">Colección Historia de la educación latinoamericana</subfield>
      <subfield code="a">Enterprise software development series</subfield>
      <subfield code="a">Robert C. Martin series</subfield>
      <subfield code="a">Addison-Wesley signature series</subfield>
      <subfield code="a">Paso a paso</subfield>
      <subfield code="a">Lecture notes in computer science</subfield>
      <subfield code="v">752</subfield>
    </datafield>
    <datafield tag="650" ind1=" " ind2=" ">
      <subfield code="a"> BASE DE DATOS</subfield>
    </datafield>
    <datafield tag="650" ind1=" " ind2=" ">
      <subfield code="a"> CIKM '92</subfield>
    </datafield>
    <datafield tag="942" ind1=" " ind2=" ">
      <subfield code="c">BK</subfield>
    </datafield>
    <datafield tag="952" ind1=" " ind2=" ">
      <subfield code="a">BIB_RECT</subfield>
      <subfield code="b">BIB_UARG</subfield>
      <subfield code="d">2016-12-02</subfield>
      <subfield code="y">BK</subfield>
      <subfield code="p">05-48423</subfield>
      <subfield code="i">05-48423</subfield>
      <subfield code="g">2270</subfield>
      <subfield code="o">004.65 I612c 1</subfield>
      <subfield code="e">PROMINF</subfield>
      <subfield code="8">CG</subfield>
    </datafield>
  </record>