
  <record>
    <leader>01000aam  22002601a 4500</leader>
    <controlfield tag="001">YPZ100323</controlfield>
    <controlfield tag="003">YPZ</controlfield>
    <controlfield tag="005">201612061058320</controlfield>
    <controlfield tag="008">161206|###########||||||b||||||||||spa|d</controlfield>
    <datafield tag="020" ind1=" " ind2=" ">
      <subfield code="a">8476282680</subfield>
    </datafield>
    <datafield tag="040" ind1=" " ind2=" ">
      <subfield code="c">SIUNPA</subfield>
    </datafield>
    <datafield tag="041" ind1=" " ind2=" ">
      <subfield code="a">spa</subfield>
    </datafield>
    <datafield tag="044" ind1=" " ind2=" ">
      <subfield code="a">ES</subfield>
    </datafield>
    <datafield tag="080" ind1=" " ind2=" ">
      <subfield code="a">159.922.8 R228p</subfield>
    </datafield>
    <datafield tag="100" ind1=" " ind2=" ">
      <subfield code="a">Rassial, Jean-Jacques.</subfield>
    </datafield>
    <datafield tag="245" ind1=" " ind2=" ">
      <subfield code="a">El pasaje adolescente</subfield>
      <subfield code="b"> : de la familia al vínculo social</subfield>
      <subfield code="c"> / Rippa, Esther, tr.</subfield>
    </datafield>
    <datafield tag="250" ind1=" " ind2=" ">
      <subfield code="a">1a ed.</subfield>
    </datafield>
    <datafield tag="260" ind1=" " ind2=" ">
      <subfield code="a">Barcelona</subfield>
      <subfield code="b"> : Ediciones del Serbal</subfield>
      <subfield code="c"> , 1999</subfield>
    </datafield>
    <datafield tag="440" ind1=" " ind2=" ">
      <subfield code="a">Colección biblioteca profesional y empresaria</subfield>
      <subfield code="a">Colección Psicología / Eudeba</subfield>
      <subfield code="a">Colección Antígona</subfield>
      <subfield code="v">7</subfield>
    </datafield>
    <datafield tag="490" ind1=" " ind2=" ">
      <subfield code="a">Colección biblioteca profesional y empresaria</subfield>
      <subfield code="a">Colección Psicología / Eudeba</subfield>
      <subfield code="a">Colección Antígona</subfield>
      <subfield code="v">7</subfield>
    </datafield>
    <datafield tag="650" ind1=" " ind2=" ">
      <subfield code="a"> PSICOLOGIA DE LA ADOLESCENCIA</subfield>
    </datafield>
    <datafield tag="650" ind1=" " ind2=" ">
      <subfield code="a"> ADOLESCENCIA</subfield>
    </datafield>
    <datafield tag="942" ind1=" " ind2=" ">
      <subfield code="c">BK</subfield>
    </datafield>
    <datafield tag="952" ind1=" " ind2=" ">
      <subfield code="a">BIB_RECT</subfield>
      <subfield code="b">BIB_UACO</subfield>
      <subfield code="d">2016-12-06</subfield>
      <subfield code="y">BK</subfield>
      <subfield code="p">02-48401</subfield>
      <subfield code="i">02-48401</subfield>
      <subfield code="g">1170</subfield>
      <subfield code="o">159.922.8 R228p</subfield>
      <subfield code="e">Compra SIUNPA/16</subfield>
      <subfield code="8">CG</subfield>
    </datafield>
    <datafield tag="952" ind1=" " ind2=" ">
      <subfield code="a">BIB_RECT</subfield>
      <subfield code="b">BIB_UACO</subfield>
      <subfield code="d">2017-04-19</subfield>
      <subfield code="y">BK</subfield>
      <subfield code="p">02-48665</subfield>
      <subfield code="i">02-48665</subfield>
      <subfield code="g">390</subfield>
      <subfield code="o">159.922.8 R228p</subfield>
      <subfield code="e">Compra SIUNPA</subfield>
      <subfield code="8">CG</subfield>
    </datafield>
    <datafield tag="952" ind1=" " ind2=" ">
      <subfield code="a">BIB_RECT</subfield>
      <subfield code="b">BIB_UACO</subfield>
      <subfield code="d">2017-04-19</subfield>
      <subfield code="y">BK</subfield>
      <subfield code="p">02-48666</subfield>
      <subfield code="i">02-48666</subfield>
      <subfield code="g">390</subfield>
      <subfield code="o">159.922.8 R228p</subfield>
      <subfield code="e">Compra SIUNPA</subfield>
      <subfield code="8">CG</subfield>
    </datafield>
  </record>