
  <record>
    <leader>01000aam  22002601a 4500</leader>
    <controlfield tag="001">YPZ100335</controlfield>
    <controlfield tag="003">YPZ</controlfield>
    <controlfield tag="005">201702131128170</controlfield>
    <controlfield tag="008">170213|###########||||||b||||||||||spa|d</controlfield>
    <datafield tag="020" ind1=" " ind2=" ">
      <subfield code="a">9789500530330</subfield>
    </datafield>
    <datafield tag="040" ind1=" " ind2=" ">
      <subfield code="c">SIUNPA</subfield>
    </datafield>
    <datafield tag="041" ind1=" " ind2=" ">
      <subfield code="a">spa</subfield>
    </datafield>
    <datafield tag="044" ind1=" " ind2=" ">
      <subfield code="a">AR</subfield>
    </datafield>
    <datafield tag="080" ind1=" " ind2=" ">
      <subfield code="a">821.134.2(72) J914n</subfield>
    </datafield>
    <datafield tag="100" ind1=" " ind2=" ">
      <subfield code="a">Juana Inés de la Cruz, Sor.</subfield>
    </datafield>
    <datafield tag="245" ind1=" " ind2=" ">
      <subfield code="a">Nocturna, mas no funesta</subfield>
      <subfield code="b"> : poesías y cartas</subfield>
      <subfield code="c"> / Ruiz, Facundo, ed., pról. y notas ; Fumagalli, Carla, investigador asistente</subfield>
    </datafield>
    <datafield tag="260" ind1=" " ind2=" ">
      <subfield code="a">Buenos Aires</subfield>
      <subfield code="b"> : Corregidor</subfield>
      <subfield code="c"> , 2016</subfield>
    </datafield>
    <datafield tag="440" ind1=" " ind2=" ">
      <subfield code="a">Colección pedagogía y didáctica</subfield>
      <subfield code="a">Colección trabajo, integracion y sociedad</subfield>
      <subfield code="a">Colección trabajo, integracion y sociedad</subfield>
      <subfield code="a">Addison-Wesley signature series</subfield>
      <subfield code="a">Colección la inteligencia Americana</subfield>
      <subfield code="v">7</subfield>
    </datafield>
    <datafield tag="490" ind1=" " ind2=" ">
      <subfield code="a">Colección pedagogía y didáctica</subfield>
      <subfield code="a">Colección trabajo, integracion y sociedad</subfield>
      <subfield code="a">Colección trabajo, integracion y sociedad</subfield>
      <subfield code="a">Addison-Wesley signature series</subfield>
      <subfield code="a">Colección la inteligencia Americana</subfield>
      <subfield code="v">7</subfield>
    </datafield>
    <datafield tag="650" ind1=" " ind2=" ">
      <subfield code="a"> LITERATURA MEXICANA</subfield>
    </datafield>
    <datafield tag="650" ind1=" " ind2=" ">
      <subfield code="a"> POESIA</subfield>
    </datafield>
    <datafield tag="942" ind1=" " ind2=" ">
      <subfield code="c">BK</subfield>
    </datafield>
    <datafield tag="952" ind1=" " ind2=" ">
      <subfield code="a">BIB_RECT</subfield>
      <subfield code="b">BIB_UARG</subfield>
      <subfield code="d">2017-02-13</subfield>
      <subfield code="y">BK</subfield>
      <subfield code="p">05-48363</subfield>
      <subfield code="i">05-48363</subfield>
      <subfield code="g">164</subfield>
      <subfield code="o">821.134.2(72) J914n</subfield>
      <subfield code="e">Compra SIUNPA/2016</subfield>
      <subfield code="8">CG</subfield>
    </datafield>
  </record>