
  <record>
    <leader>01000aam  22002601a 4500</leader>
    <controlfield tag="001">YPZ100376</controlfield>
    <controlfield tag="003">YPZ</controlfield>
    <controlfield tag="005">201703021117470</controlfield>
    <controlfield tag="008">170302|###########||||||b||||||||||spa|d</controlfield>
    <datafield tag="020" ind1=" " ind2=" ">
      <subfield code="a">9789875383074</subfield>
    </datafield>
    <datafield tag="040" ind1=" " ind2=" ">
      <subfield code="c">SIUNPA</subfield>
    </datafield>
    <datafield tag="041" ind1=" " ind2=" ">
      <subfield code="a">spa</subfield>
    </datafield>
    <datafield tag="044" ind1=" " ind2=" ">
      <subfield code="a">AR</subfield>
    </datafield>
    <datafield tag="080" ind1=" " ind2=" ">
      <subfield code="a">616.89 W313c</subfield>
    </datafield>
    <datafield tag="100" ind1=" " ind2=" ">
      <subfield code="a">Waserman, Mario.</subfield>
    </datafield>
    <datafield tag="245" ind1=" " ind2=" ">
      <subfield code="a">Condenados a explorar</subfield>
      <subfield code="b"> : marchas y contramarchas del crecimiento en la adolescencia</subfield>
    </datafield>
    <datafield tag="250" ind1=" " ind2=" ">
      <subfield code="a">1a ed., 1a reimpr.</subfield>
    </datafield>
    <datafield tag="260" ind1=" " ind2=" ">
      <subfield code="a">Buenos Aires</subfield>
      <subfield code="b"> : Noveduc</subfield>
      <subfield code="c"> , 2011</subfield>
    </datafield>
    <datafield tag="440" ind1=" " ind2=" ">
      <subfield code="a">Temática empresarial</subfield>
      <subfield code="a">Palgrave pivot</subfield>
      <subfield code="a">Sección de obras de economía</subfield>
      <subfield code="a">Colección historia</subfield>
      <subfield code="a">Sección de obras de Ciencia y Tecnología</subfield>
      <subfield code="a">International hydrology series</subfield>
      <subfield code="a">Colección conjunciones</subfield>
      <subfield code="v">22</subfield>
    </datafield>
    <datafield tag="490" ind1=" " ind2=" ">
      <subfield code="a">Temática empresarial</subfield>
      <subfield code="a">Palgrave pivot</subfield>
      <subfield code="a">Sección de obras de economía</subfield>
      <subfield code="a">Colección historia</subfield>
      <subfield code="a">Sección de obras de Ciencia y Tecnología</subfield>
      <subfield code="a">International hydrology series</subfield>
      <subfield code="a">Colección conjunciones</subfield>
      <subfield code="v">22</subfield>
    </datafield>
    <datafield tag="650" ind1=" " ind2=" ">
      <subfield code="a"> PSICOLOGIA CLINICA</subfield>
    </datafield>
    <datafield tag="650" ind1=" " ind2=" ">
      <subfield code="a"> PSIQUIATRIA  </subfield>
    </datafield>
    <datafield tag="650" ind1=" " ind2=" ">
      <subfield code="a"> ADOLESCENTES</subfield>
    </datafield>
    <datafield tag="650" ind1=" " ind2=" ">
      <subfield code="a"> PSICOLOGIA INFANTIL</subfield>
    </datafield>
    <datafield tag="942" ind1=" " ind2=" ">
      <subfield code="c">BK</subfield>
    </datafield>
    <datafield tag="952" ind1=" " ind2=" ">
      <subfield code="a">BIB_RECT</subfield>
      <subfield code="b">BIB_UACO</subfield>
      <subfield code="d">2017-03-02</subfield>
      <subfield code="y">BK</subfield>
      <subfield code="p">02-48521</subfield>
      <subfield code="i">02-48521</subfield>
      <subfield code="g">226</subfield>
      <subfield code="o">616.89 W313c</subfield>
      <subfield code="e">Compra SIUNPA/16</subfield>
      <subfield code="8">CG</subfield>
    </datafield>
    <datafield tag="952" ind1=" " ind2=" ">
      <subfield code="a">BIB_RECT</subfield>
      <subfield code="b">BIB_UACO</subfield>
      <subfield code="d">2017-03-02</subfield>
      <subfield code="y">BK</subfield>
      <subfield code="p">02-48522</subfield>
      <subfield code="i">02-48522</subfield>
      <subfield code="g">226</subfield>
      <subfield code="o">616.89 W313c</subfield>
      <subfield code="e">Compra SIUNPA/16</subfield>
      <subfield code="8">CG</subfield>
    </datafield>
    <datafield tag="952" ind1=" " ind2=" ">
      <subfield code="a">BIB_RECT</subfield>
      <subfield code="b">BIB_UACO</subfield>
      <subfield code="d">2017-03-02</subfield>
      <subfield code="y">BK</subfield>
      <subfield code="p">02-48523</subfield>
      <subfield code="i">02-48523</subfield>
      <subfield code="g">226</subfield>
      <subfield code="o">616.89 W313c</subfield>
      <subfield code="e">Compra SIUNPA/16</subfield>
      <subfield code="8">CG</subfield>
    </datafield>
  </record>