
  <record>
    <leader>01000aam  22002601a 4500</leader>
    <controlfield tag="001">YPZ100377</controlfield>
    <controlfield tag="003">YPZ</controlfield>
    <controlfield tag="005">201707040938460</controlfield>
    <controlfield tag="008">170704|###########||||||b||||||||||spa|d</controlfield>
    <datafield tag="020" ind1=" " ind2=" ">
      <subfield code="a">9786071509284</subfield>
    </datafield>
    <datafield tag="040" ind1=" " ind2=" ">
      <subfield code="c">SIUNPA</subfield>
    </datafield>
    <datafield tag="041" ind1=" " ind2=" ">
      <subfield code="a">spa</subfield>
    </datafield>
    <datafield tag="044" ind1=" " ind2=" ">
      <subfield code="a">MX</subfield>
    </datafield>
    <datafield tag="080" ind1=" " ind2=" ">
      <subfield code="a">54 C456q11</subfield>
    </datafield>
    <datafield tag="100" ind1=" " ind2=" ">
      <subfield code="a">Chang, Raymond.</subfield>
    </datafield>
    <datafield tag="700" ind1=" " ind2=" ">
      <subfield code="a">Goldsby, Kenneth A.</subfield>
    </datafield>
    <datafield tag="245" ind1=" " ind2=" ">
      <subfield code="a">Química</subfield>
      <subfield code="b"> : undécima edición</subfield>
      <subfield code="c"> / Álvarez Manzo, Rodolfo, rev. técnica ; Ponce López, Silvia, rev. técnica ; Sarmiento Ortega, Sergio, tr. ; Jasso Hernán, Erika, tr.</subfield>
    </datafield>
    <datafield tag="250" ind1=" " ind2=" ">
      <subfield code="a">11a ed.</subfield>
    </datafield>
    <datafield tag="260" ind1=" " ind2=" ">
      <subfield code="a">México, D.F.</subfield>
      <subfield code="b"> : McGraw-Hill Interamericana</subfield>
      <subfield code="c"> , 2013</subfield>
    </datafield>
    <datafield tag="650" ind1=" " ind2=" ">
      <subfield code="a"> QUIMICA</subfield>
    </datafield>
    <datafield tag="942" ind1=" " ind2=" ">
      <subfield code="c">BK</subfield>
    </datafield>
    <datafield tag="952" ind1=" " ind2=" ">
      <subfield code="a">BIB_RECT</subfield>
      <subfield code="b">BIB_UACO</subfield>
      <subfield code="d">2017-07-04</subfield>
      <subfield code="y">BK</subfield>
      <subfield code="p">02-48489</subfield>
      <subfield code="i">02-48489</subfield>
      <subfield code="g">1230</subfield>
      <subfield code="o">54 C456q11</subfield>
      <subfield code="e">Compra SIUNPA/16</subfield>
      <subfield code="8">CG</subfield>
    </datafield>
    <datafield tag="952" ind1=" " ind2=" ">
      <subfield code="a">BIB_RECT</subfield>
      <subfield code="b">BIB_UACO</subfield>
      <subfield code="d">2017-07-04</subfield>
      <subfield code="y">BK</subfield>
      <subfield code="p">02-48490</subfield>
      <subfield code="i">02-48490</subfield>
      <subfield code="g">1230</subfield>
      <subfield code="o">54 C456q11</subfield>
      <subfield code="e">Compra SIUNPA/16</subfield>
      <subfield code="8">CG</subfield>
    </datafield>
    <datafield tag="952" ind1=" " ind2=" ">
      <subfield code="a">BIB_RECT</subfield>
      <subfield code="b">BIB_UACO</subfield>
      <subfield code="d">2017-07-04</subfield>
      <subfield code="y">BK</subfield>
      <subfield code="p">02-48491</subfield>
      <subfield code="i">02-48491</subfield>
      <subfield code="g">1230</subfield>
      <subfield code="o">54 C456q11</subfield>
      <subfield code="e">Compra SIUNPA/16</subfield>
      <subfield code="8">CG</subfield>
    </datafield>
    <datafield tag="952" ind1=" " ind2=" ">
      <subfield code="a">BIB_RECT</subfield>
      <subfield code="b">BIB_UACO</subfield>
      <subfield code="d">2017-07-04</subfield>
      <subfield code="y">BK</subfield>
      <subfield code="p">02-48492</subfield>
      <subfield code="i">02-48492</subfield>
      <subfield code="g">1230</subfield>
      <subfield code="o">54 C456q11</subfield>
      <subfield code="e">Compra SIUNPA/16</subfield>
      <subfield code="8">CG</subfield>
    </datafield>
  </record>