
  <record>
    <leader>01000aam  22002601a 4500</leader>
    <controlfield tag="001">YPZ100395</controlfield>
    <controlfield tag="003">YPZ</controlfield>
    <controlfield tag="005">201707071030290</controlfield>
    <controlfield tag="008">170707|###########||||||b||||||||||spa|d</controlfield>
    <datafield tag="020" ind1=" " ind2=" ">
      <subfield code="a">9789873714306</subfield>
    </datafield>
    <datafield tag="040" ind1=" " ind2=" ">
      <subfield code="c">SIUNPA</subfield>
    </datafield>
    <datafield tag="041" ind1=" " ind2=" ">
      <subfield code="a">spa</subfield>
    </datafield>
    <datafield tag="044" ind1=" " ind2=" ">
      <subfield code="a">AR</subfield>
    </datafield>
    <datafield tag="080" ind1=" " ind2=" ">
      <subfield code="a">378.4 E921e</subfield>
    </datafield>
    <datafield tag="100" ind1=" " ind2=" ">
      <subfield code="a">Leno, María José.</subfield>
    </datafield>
    <datafield tag="700" ind1=" " ind2=" ">
      <subfield code="a">Santos Rojas, Hugo.</subfield>
    </datafield>
    <datafield tag="700" ind1=" " ind2=" ">
      <subfield code="a">Márquez, Eugenia.</subfield>
    </datafield>
    <datafield tag="700" ind1=" " ind2=" ">
      <subfield code="a">Bain, María Elena.</subfield>
    </datafield>
    <datafield tag="700" ind1=" " ind2=" ">
      <subfield code="a">Pérez Rasetti, Carlos.</subfield>
    </datafield>
    <datafield tag="245" ind1=" " ind2=" ">
      <subfield code="a">Evaluación institucional de modelos pedagógicos en educación a distancia</subfield>
    </datafield>
    <datafield tag="250" ind1=" " ind2=" ">
      <subfield code="a">1a ed.</subfield>
    </datafield>
    <datafield tag="260" ind1=" " ind2=" ">
      <subfield code="a">Buenos Aires</subfield>
      <subfield code="b"> : Universidad Nacional de la Patagonia Austral, UNPAedita</subfield>
      <subfield code="c"> , 2016</subfield>
    </datafield>
    <datafield tag="650" ind1=" " ind2=" ">
      <subfield code="a"> EDUCACION UNIVERSITARIA</subfield>
    </datafield>
    <datafield tag="650" ind1=" " ind2=" ">
      <subfield code="a"> UNIVERSIDADES</subfield>
    </datafield>
    <datafield tag="650" ind1=" " ind2=" ">
      <subfield code="a"> EDUCACION A DISTANCIA</subfield>
    </datafield>
    <datafield tag="650" ind1=" " ind2=" ">
      <subfield code="a"> UNIVERSIDAD NACIONAL DE LA PATAGONIA AUSTRAl</subfield>
    </datafield>
    <datafield tag="942" ind1=" " ind2=" ">
      <subfield code="c">BK</subfield>
    </datafield>
    <datafield tag="952" ind1=" " ind2=" ">
      <subfield code="a">BIB_RECT</subfield>
      <subfield code="b">BIB_UACO</subfield>
      <subfield code="d">2017-07-07</subfield>
      <subfield code="y">BK</subfield>
      <subfield code="p">02-48270</subfield>
      <subfield code="i">02-48270</subfield>
      <subfield code="g">170</subfield>
      <subfield code="o">378.4 E921e</subfield>
      <subfield code="e">Secretaría de Extensión</subfield>
      <subfield code="8">CG</subfield>
    </datafield>
    <datafield tag="952" ind1=" " ind2=" ">
      <subfield code="a">BIB_RECT</subfield>
      <subfield code="b">BIB_UACO</subfield>
      <subfield code="d">2017-07-07</subfield>
      <subfield code="y">BK</subfield>
      <subfield code="p">02-48271</subfield>
      <subfield code="i">02-48271</subfield>
      <subfield code="g">170</subfield>
      <subfield code="o">378.4 E921e</subfield>
      <subfield code="e">Secretaría de Extensión</subfield>
      <subfield code="8">CG</subfield>
    </datafield>
    <datafield tag="952" ind1=" " ind2=" ">
      <subfield code="a">BIB_RECT</subfield>
      <subfield code="b">BIB_UACO</subfield>
      <subfield code="d">2017-07-07</subfield>
      <subfield code="y">BK</subfield>
      <subfield code="p">02-48272</subfield>
      <subfield code="i">02-48272</subfield>
      <subfield code="g">170</subfield>
      <subfield code="o">378.4 E921e</subfield>
      <subfield code="e">Secretaría de Extensión</subfield>
      <subfield code="8">CG</subfield>
    </datafield>
    <datafield tag="952" ind1=" " ind2=" ">
      <subfield code="a">BIB_RECT</subfield>
      <subfield code="b">BIB_UACO</subfield>
      <subfield code="d">2017-07-07</subfield>
      <subfield code="y">BK</subfield>
      <subfield code="p">02-48273</subfield>
      <subfield code="i">02-48273</subfield>
      <subfield code="g">170</subfield>
      <subfield code="o">378.4 E921e</subfield>
      <subfield code="e">Secretaría de Extensión</subfield>
      <subfield code="8">CG</subfield>
    </datafield>
    <datafield tag="952" ind1=" " ind2=" ">
      <subfield code="a">BIB_RECT</subfield>
      <subfield code="b">BIB_UART</subfield>
      <subfield code="d">2017-07-07</subfield>
      <subfield code="y">BK</subfield>
      <subfield code="p">03-48264</subfield>
      <subfield code="i">03-48264</subfield>
      <subfield code="g">170</subfield>
      <subfield code="o">378.4 E921e</subfield>
      <subfield code="e">Secretaría de Extensión</subfield>
      <subfield code="8">CG</subfield>
    </datafield>
    <datafield tag="952" ind1=" " ind2=" ">
      <subfield code="a">BIB_RECT</subfield>
      <subfield code="b">BIB_UART</subfield>
      <subfield code="d">2017-07-07</subfield>
      <subfield code="y">BK</subfield>
      <subfield code="p">03-48265</subfield>
      <subfield code="i">03-48265</subfield>
      <subfield code="g">170</subfield>
      <subfield code="o">378.4 E921e</subfield>
      <subfield code="e">Secretaría de Extensión</subfield>
      <subfield code="8">CG</subfield>
    </datafield>
    <datafield tag="952" ind1=" " ind2=" ">
      <subfield code="a">BIB_RECT</subfield>
      <subfield code="b">BIB_UART</subfield>
      <subfield code="d">2017-07-07</subfield>
      <subfield code="y">BK</subfield>
      <subfield code="p">03-48266</subfield>
      <subfield code="i">03-48266</subfield>
      <subfield code="g">170</subfield>
      <subfield code="o">378.4 E921e</subfield>
      <subfield code="e">Secretaría de Extensión</subfield>
      <subfield code="8">CG</subfield>
    </datafield>
    <datafield tag="952" ind1=" " ind2=" ">
      <subfield code="a">BIB_RECT</subfield>
      <subfield code="b">BIB_UASJ</subfield>
      <subfield code="d">2017-07-07</subfield>
      <subfield code="y">BK</subfield>
      <subfield code="p">04-48267</subfield>
      <subfield code="i">04-48267</subfield>
      <subfield code="g">170</subfield>
      <subfield code="o">378.4 E921e</subfield>
      <subfield code="e">Secretaría de Extensión</subfield>
      <subfield code="8">CG</subfield>
    </datafield>
    <datafield tag="952" ind1=" " ind2=" ">
      <subfield code="a">BIB_RECT</subfield>
      <subfield code="b">BIB_UASJ</subfield>
      <subfield code="d">2017-07-07</subfield>
      <subfield code="y">BK</subfield>
      <subfield code="p">04-48268</subfield>
      <subfield code="i">04-48268</subfield>
      <subfield code="g">170</subfield>
      <subfield code="o">378.4 E921e</subfield>
      <subfield code="e">Secretaría de Extensión</subfield>
      <subfield code="8">CG</subfield>
    </datafield>
    <datafield tag="952" ind1=" " ind2=" ">
      <subfield code="a">BIB_RECT</subfield>
      <subfield code="b">BIB_UASJ</subfield>
      <subfield code="d">2017-07-07</subfield>
      <subfield code="y">BK</subfield>
      <subfield code="p">04-48269</subfield>
      <subfield code="i">04-48269</subfield>
      <subfield code="g">170</subfield>
      <subfield code="o">378.4 E921e</subfield>
      <subfield code="e">Secretaría de Extensión</subfield>
      <subfield code="8">CG</subfield>
    </datafield>
    <datafield tag="952" ind1=" " ind2=" ">
      <subfield code="a">BIB_RECT</subfield>
      <subfield code="b">BIB_UARG</subfield>
      <subfield code="d">2017-07-07</subfield>
      <subfield code="y">BK</subfield>
      <subfield code="p">05-48274</subfield>
      <subfield code="i">05-48274</subfield>
      <subfield code="g">170</subfield>
      <subfield code="o">378.4 E921e</subfield>
      <subfield code="e">Secretaría de Extensión</subfield>
      <subfield code="8">CG</subfield>
    </datafield>
    <datafield tag="952" ind1=" " ind2=" ">
      <subfield code="a">BIB_RECT</subfield>
      <subfield code="b">BIB_UARG</subfield>
      <subfield code="d">2017-07-07</subfield>
      <subfield code="y">BK</subfield>
      <subfield code="p">05-48275</subfield>
      <subfield code="i">05-48275</subfield>
      <subfield code="g">170</subfield>
      <subfield code="o">378.4 E921e</subfield>
      <subfield code="e">Secretaría de Extensión</subfield>
      <subfield code="8">CG</subfield>
    </datafield>
    <datafield tag="952" ind1=" " ind2=" ">
      <subfield code="a">BIB_RECT</subfield>
      <subfield code="b">BIB_UARG</subfield>
      <subfield code="d">2017-07-07</subfield>
      <subfield code="y">BK</subfield>
      <subfield code="p">05-48276</subfield>
      <subfield code="i">05-48276</subfield>
      <subfield code="g">170</subfield>
      <subfield code="o">378.4 E921e</subfield>
      <subfield code="e">Secretaría de Extensión</subfield>
      <subfield code="8">CG</subfield>
    </datafield>
    <datafield tag="952" ind1=" " ind2=" ">
      <subfield code="a">BIB_RECT</subfield>
      <subfield code="b">BIB_UARG</subfield>
      <subfield code="d">2017-07-07</subfield>
      <subfield code="y">BK</subfield>
      <subfield code="p">05-48277</subfield>
      <subfield code="i">05-48277</subfield>
      <subfield code="g">170</subfield>
      <subfield code="o">378.4 E921e</subfield>
      <subfield code="e">Secretaría de Extensión</subfield>
      <subfield code="8">CG</subfield>
    </datafield>
    <datafield tag="952" ind1=" " ind2=" ">
      <subfield code="a">BIB_RECT</subfield>
      <subfield code="b">SAT_TRUN</subfield>
      <subfield code="d">2017-07-07</subfield>
      <subfield code="y">BK</subfield>
      <subfield code="p">10-48282</subfield>
      <subfield code="i">10-48282</subfield>
      <subfield code="g">170</subfield>
      <subfield code="o">378.4 E921e</subfield>
      <subfield code="e">Secretaría de Extensión</subfield>
      <subfield code="8">CG</subfield>
    </datafield>
    <datafield tag="952" ind1=" " ind2=" ">
      <subfield code="a">BIB_RECT</subfield>
      <subfield code="b">SAT_PBNA</subfield>
      <subfield code="d">2017-07-07</subfield>
      <subfield code="y">BK</subfield>
      <subfield code="p">11-48279</subfield>
      <subfield code="i">11-48279</subfield>
      <subfield code="g">170</subfield>
      <subfield code="o">378.4 E921e</subfield>
      <subfield code="e">Secretaría de Extensión</subfield>
      <subfield code="8">CG</subfield>
    </datafield>
    <datafield tag="952" ind1=" " ind2=" ">
      <subfield code="a">BIB_RECT</subfield>
      <subfield code="b">SAT_PDES</subfield>
      <subfield code="d">2017-07-07</subfield>
      <subfield code="y">BK</subfield>
      <subfield code="p">16-48283</subfield>
      <subfield code="i">16-48283</subfield>
      <subfield code="g">170</subfield>
      <subfield code="o">378.4 E921e</subfield>
      <subfield code="e">Secretaría de Extensión</subfield>
      <subfield code="8">CG</subfield>
    </datafield>
    <datafield tag="952" ind1=" " ind2=" ">
      <subfield code="a">BIB_RECT</subfield>
      <subfield code="b">BIB_RECT</subfield>
      <subfield code="d">2017-07-07</subfield>
      <subfield code="y">BK</subfield>
      <subfield code="p">17-48280</subfield>
      <subfield code="i">17-48280</subfield>
      <subfield code="g">170</subfield>
      <subfield code="o">378.4 E921e</subfield>
      <subfield code="e">Secretaría de Extensión</subfield>
      <subfield code="8">CG</subfield>
    </datafield>
    <datafield tag="952" ind1=" " ind2=" ">
      <subfield code="a">BIB_RECT</subfield>
      <subfield code="b">SAT_GREG</subfield>
      <subfield code="d">2017-07-07</subfield>
      <subfield code="y">BK</subfield>
      <subfield code="p">18-48281</subfield>
      <subfield code="i">18-48281</subfield>
      <subfield code="g">170</subfield>
      <subfield code="o">378.4 E921e</subfield>
      <subfield code="e">Secretaría de Extensión</subfield>
      <subfield code="8">CG</subfield>
    </datafield>
  </record>