
  <record>
    <leader>01000aam  22002601a 4500</leader>
    <controlfield tag="001">YPZ100396</controlfield>
    <controlfield tag="003">YPZ</controlfield>
    <controlfield tag="005">201707100915380</controlfield>
    <controlfield tag="008">170710|###########||||||b||||||||||spa|d</controlfield>
    <datafield tag="020" ind1=" " ind2=" ">
      <subfield code="a">9786071601667</subfield>
    </datafield>
    <datafield tag="040" ind1=" " ind2=" ">
      <subfield code="c">SIUNPA</subfield>
    </datafield>
    <datafield tag="041" ind1=" " ind2=" ">
      <subfield code="a">spa</subfield>
    </datafield>
    <datafield tag="044" ind1=" " ind2=" ">
      <subfield code="a">MX</subfield>
    </datafield>
    <datafield tag="080" ind1=" " ind2=" ">
      <subfield code="a">001.1 M321c</subfield>
    </datafield>
    <datafield tag="245" ind1=" " ind2=" ">
      <subfield code="a">Ciencia y acción</subfield>
      <subfield code="b"> : una filosofía práctica de la ciencia</subfield>
    </datafield>
    <datafield tag="250" ind1=" " ind2=" ">
      <subfield code="a">1a ed., 1a reimpr.</subfield>
    </datafield>
    <datafield tag="260" ind1=" " ind2=" ">
      <subfield code="a">México D.F.</subfield>
      <subfield code="b"> : Fondo de Cultura Económica, FCE</subfield>
      <subfield code="c"> , 2013</subfield>
    </datafield>
    <datafield tag="440" ind1=" " ind2=" ">
      <subfield code="a">Tecnología / Novedades Educativas</subfield>
      <subfield code="a">Sección de obras de psicología, psiquiatría, psicoanálisis</subfield>
      <subfield code="a">Colección prevención e intervención en niños</subfield>
      <subfield code="a">Colección del círculo</subfield>
      <subfield code="a">Colección minoridad y familia</subfield>
      <subfield code="a">Paidós voces de la educación</subfield>
      <subfield code="a">Breviarios</subfield>
      <subfield code="v">567</subfield>
    </datafield>
    <datafield tag="490" ind1=" " ind2=" ">
      <subfield code="a">Tecnología / Novedades Educativas</subfield>
      <subfield code="a">Sección de obras de psicología, psiquiatría, psicoanálisis</subfield>
      <subfield code="a">Colección prevención e intervención en niños</subfield>
      <subfield code="a">Colección del círculo</subfield>
      <subfield code="a">Colección minoridad y familia</subfield>
      <subfield code="a">Paidós voces de la educación</subfield>
      <subfield code="a">Breviarios</subfield>
      <subfield code="v">567</subfield>
    </datafield>
    <datafield tag="650" ind1=" " ind2=" ">
      <subfield code="a"> CIENCIA</subfield>
    </datafield>
    <datafield tag="650" ind1=" " ind2=" ">
      <subfield code="a"> FILOSOFIA</subfield>
    </datafield>
    <datafield tag="942" ind1=" " ind2=" ">
      <subfield code="c">BK</subfield>
    </datafield>
    <datafield tag="952" ind1=" " ind2=" ">
      <subfield code="a">BIB_RECT</subfield>
      <subfield code="b">BIB_UARG</subfield>
      <subfield code="d">2017-07-10</subfield>
      <subfield code="y">BK</subfield>
      <subfield code="p">05-48623</subfield>
      <subfield code="i">05-48623</subfield>
      <subfield code="g">70</subfield>
      <subfield code="o">001.1 M321c</subfield>
      <subfield code="e">Compra SIUNPA/16</subfield>
      <subfield code="8">CG</subfield>
    </datafield>
  </record>