
  <record>
    <leader>01000aam  22002601a 4500</leader>
    <controlfield tag="001">YPZ100409</controlfield>
    <controlfield tag="003">YPZ</controlfield>
    <controlfield tag="005">201707120853310</controlfield>
    <controlfield tag="008">170712|###########||||||b||||||||||spa|d</controlfield>
    <datafield tag="020" ind1=" " ind2=" ">
      <subfield code="a">9788483016442 (v.1)</subfield>
    </datafield>
    <datafield tag="020" ind1=" " ind2=" ">
      <subfield code="a">848301646X (o.c.)</subfield>
    </datafield>
    <datafield tag="040" ind1=" " ind2=" ">
      <subfield code="c">SIUNPA</subfield>
    </datafield>
    <datafield tag="041" ind1=" " ind2=" ">
      <subfield code="a">spa</subfield>
    </datafield>
    <datafield tag="044" ind1=" " ind2=" ">
      <subfield code="a">ES</subfield>
    </datafield>
    <datafield tag="080" ind1=" " ind2=" ">
      <subfield code="a">621.4 M297m</subfield>
    </datafield>
    <datafield tag="100" ind1=" " ind2=" ">
      <subfield code="a">Forns Farrús, Sergi.</subfield>
    </datafield>
    <datafield tag="700" ind1=" " ind2=" ">
      <subfield code="a">Roca Carles, Pere.</subfield>
    </datafield>
    <datafield tag="700" ind1=" " ind2=" ">
      <subfield code="a">Balsells Grande, David.</subfield>
    </datafield>
    <datafield tag="700" ind1=" " ind2=" ">
      <subfield code="a">Casanova Rossell, Juan.</subfield>
    </datafield>
    <datafield tag="700" ind1=" " ind2=" ">
      <subfield code="a">Navarro Odriozola, Tomás.</subfield>
    </datafield>
    <datafield tag="700" ind1=" " ind2=" ">
      <subfield code="a">Forcadell Freixa, Carles.</subfield>
    </datafield>
    <datafield tag="700" ind1=" " ind2=" ">
      <subfield code="a">González Fontal, Angelita.</subfield>
    </datafield>
    <datafield tag="700" ind1=" " ind2=" ">
      <subfield code="a">Márquez Luque, Antoni.</subfield>
    </datafield>
    <datafield tag="700" ind1=" " ind2=" ">
      <subfield code="a">Pérez Llopis, Francisco J..</subfield>
    </datafield>
    <datafield tag="245" ind1=" " ind2=" ">
      <subfield code="a">Máquinas térmicas motoras - 1</subfield>
      <subfield code="c"> / Álvarez Flórez, Jesús Andrés, ed. ; Callejón Agramunt, Ismael, ed. ; Álvarez, Mónica, colab. ; Batalla, Francesc, colab. ; Benveniste, Gabriela, colab. ; Bonet, Óscar, colab. ; Carrera, Xavier, colab. ; Castro, Juan Manuel, colab. ; Civit, Óscar, colab. ; Escura, Jordi, colab. ; Espada, Irene, colab. ; Flores, Xavier, colab. ; González, David, colab. ; Ibáñez, Ricard, colab. ; Iglesias, Andreu, colab. ; Isidro, Luis, colab. ; Jiménez, Josep Antón, colab. ; Jiménez Oscar, colab. ; Liesa, Francisco, colab. ; Marimón, Ana María, colab. ; Miret, Salvador, colab. ; Moreno, Eduard, colab. ; Piguillem, Josep María, colab. ; Pérez, Julio, colab. ; Puig, Lluc, colab. ; Robert, Eloi, colab. ; Rovira, Joan, colab. ; Salom, Bartolomé, colab. ; Sánchez, David, colab. ; Serrano, Álvaro, colab. ; Soldevila, Xavier, colab. ; Vilella, Agustí, colab. ; Villa, Joaquín, colab. ; Yubero, Jordi, colab. ; </subfield>
    </datafield>
    <datafield tag="250" ind1=" " ind2=" ">
      <subfield code="a">1a ed.</subfield>
    </datafield>
    <datafield tag="260" ind1=" " ind2=" ">
      <subfield code="b"> : Edicions UPC</subfield>
      <subfield code="c"> , reimpr. 2009</subfield>
    </datafield>
    <datafield tag="440" ind1=" " ind2=" ">
      <subfield code="a">Politext</subfield>
      <subfield code="v">134</subfield>
    </datafield>
    <datafield tag="490" ind1=" " ind2=" ">
      <subfield code="a">Politext</subfield>
      <subfield code="v">134</subfield>
    </datafield>
    <datafield tag="500" ind1=" " ind2=" ">
      <subfield code="a">La biblioteca posee v.1</subfield>
    </datafield>
    <datafield tag="650" ind1=" " ind2=" ">
      <subfield code="a"> MOTORES TERMICOS</subfield>
    </datafield>
    <datafield tag="942" ind1=" " ind2=" ">
      <subfield code="c">BK</subfield>
    </datafield>
    <datafield tag="952" ind1=" " ind2=" ">
      <subfield code="a">BIB_RECT</subfield>
      <subfield code="b">BIB_UACO</subfield>
      <subfield code="d">2017-07-12</subfield>
      <subfield code="y">BK</subfield>
      <subfield code="p">02-48532</subfield>
      <subfield code="i">02-48532</subfield>
      <subfield code="g">785</subfield>
      <subfield code="o">621.4 M297m</subfield>
      <subfield code="e">Compra SIUNPA/17</subfield>
      <subfield code="8">CG</subfield>
    </datafield>
    <datafield tag="952" ind1=" " ind2=" ">
      <subfield code="a">BIB_RECT</subfield>
      <subfield code="b">BIB_UACO</subfield>
      <subfield code="d">2017-04-19</subfield>
      <subfield code="y">BK</subfield>
      <subfield code="p">02-48662</subfield>
      <subfield code="i">02-48662</subfield>
      <subfield code="g">785</subfield>
      <subfield code="o">621.4 M297m</subfield>
      <subfield code="e">Compra SIUNPA</subfield>
      <subfield code="8">CG</subfield>
    </datafield>
  </record>