
  <record>
    <leader>01000aam  22002601a 4500</leader>
    <controlfield tag="001">YPZ100447</controlfield>
    <controlfield tag="003">YPZ</controlfield>
    <controlfield tag="005">201708081420550</controlfield>
    <controlfield tag="008">170808|###########||||||b||||||||||spa|d</controlfield>
    <datafield tag="020" ind1=" " ind2=" ">
      <subfield code="a">9788446034063</subfield>
    </datafield>
    <datafield tag="040" ind1=" " ind2=" ">
      <subfield code="c">SIUNPA</subfield>
    </datafield>
    <datafield tag="041" ind1=" " ind2=" ">
      <subfield code="a">spa</subfield>
    </datafield>
    <datafield tag="044" ind1=" " ind2=" ">
      <subfield code="a">AR</subfield>
    </datafield>
    <datafield tag="080" ind1=" " ind2=" ">
      <subfield code="a">572.9(84) B689b</subfield>
    </datafield>
    <datafield tag="245" ind1=" " ind2=" ">
      <subfield code="a">Bolivia en el inicio del Pachakuti</subfield>
      <subfield code="b"> : la larga lucha anticolonial de los pueblos aimara y quechua</subfield>
      <subfield code="c"> / Ticona Alejo, Esteban, comp.</subfield>
    </datafield>
    <datafield tag="260" ind1=" " ind2=" ">
      <subfield code="a">Buenos Aires</subfield>
      <subfield code="b"> : Akal</subfield>
      <subfield code="c"> , 2011</subfield>
    </datafield>
    <datafield tag="440" ind1=" " ind2=" ">
      <subfield code="a">Historia / Siglo Veintiuno</subfield>
      <subfield code="a">Sección de obras de Ciencia y Tecnología</subfield>
      <subfield code="a">Libros profesionales de empresa</subfield>
      <subfield code="a">Libros profesionales de empresa</subfield>
      <subfield code="a">Drakontos</subfield>
      <subfield code="a">Colección Historia argentina</subfield>
      <subfield code="a">Colección Historia y teoría</subfield>
      <subfield code="a">Clásicos para el Siglo XXI</subfield>
      <subfield code="a">Clásicos para el Siglo XXI</subfield>
      <subfield code="a">Memoria crítica</subfield>
      <subfield code="a">Biblioteca del maestro. Serie Alternativas</subfield>
      <subfield code="a">Memoria crítica</subfield>
      <subfield code="a">Serie mayor / Crítica</subfield>
      <subfield code="a">Akal / Pensamiento crítico. Serie poscolonial</subfield>
      <subfield code="v">8</subfield>
    </datafield>
    <datafield tag="490" ind1=" " ind2=" ">
      <subfield code="a">Historia / Siglo Veintiuno</subfield>
      <subfield code="a">Sección de obras de Ciencia y Tecnología</subfield>
      <subfield code="a">Libros profesionales de empresa</subfield>
      <subfield code="a">Libros profesionales de empresa</subfield>
      <subfield code="a">Drakontos</subfield>
      <subfield code="a">Colección Historia argentina</subfield>
      <subfield code="a">Colección Historia y teoría</subfield>
      <subfield code="a">Clásicos para el Siglo XXI</subfield>
      <subfield code="a">Clásicos para el Siglo XXI</subfield>
      <subfield code="a">Memoria crítica</subfield>
      <subfield code="a">Biblioteca del maestro. Serie Alternativas</subfield>
      <subfield code="a">Memoria crítica</subfield>
      <subfield code="a">Serie mayor / Crítica</subfield>
      <subfield code="a">Akal / Pensamiento crítico. Serie poscolonial</subfield>
      <subfield code="v">8</subfield>
    </datafield>
    <datafield tag="650" ind1=" " ind2=" ">
      <subfield code="a"> INDIGENAS</subfield>
    </datafield>
    <datafield tag="650" ind1=" " ind2=" ">
      <subfield code="a"> AYMARAS </subfield>
    </datafield>
    <datafield tag="650" ind1=" " ind2=" ">
      <subfield code="a"> QUECHUAS</subfield>
    </datafield>
    <datafield tag="650" ind1=" " ind2=" ">
      <subfield code="a"> MORALES AYMA, JUAN EVO (1959</subfield>
    </datafield>
    <datafield tag="650" ind1=" " ind2=" ">
      <subfield code="a">)</subfield>
    </datafield>
    <datafield tag="650" ind1=" " ind2=" ">
      <subfield code="a"> MOVIMIENTOS SOCIALES</subfield>
    </datafield>
    <datafield tag="650" ind1=" " ind2=" ">
      <subfield code="a"> BOLIVIA</subfield>
    </datafield>
    <datafield tag="942" ind1=" " ind2=" ">
      <subfield code="c">BK</subfield>
    </datafield>
    <datafield tag="952" ind1=" " ind2=" ">
      <subfield code="a">BIB_RECT</subfield>
      <subfield code="b">BIB_UARG</subfield>
      <subfield code="d">2017-03-10</subfield>
      <subfield code="y">BK</subfield>
      <subfield code="p">05-48544</subfield>
      <subfield code="i">05-48544</subfield>
      <subfield code="g">260</subfield>
      <subfield code="o">572.9(84) B689b</subfield>
      <subfield code="e">Compra SIUNPA</subfield>
      <subfield code="8">CG</subfield>
    </datafield>
  </record>