
  <record>
    <leader>01000aam  22002601a 4500</leader>
    <controlfield tag="001">YPZ100449</controlfield>
    <controlfield tag="003">YPZ</controlfield>
    <controlfield tag="005">201708081439010</controlfield>
    <controlfield tag="008">170808|###########||||||b||||||||||spa|d</controlfield>
    <datafield tag="020" ind1=" " ind2=" ">
      <subfield code="a">9788432313813</subfield>
    </datafield>
    <datafield tag="040" ind1=" " ind2=" ">
      <subfield code="c">SIUNPA</subfield>
    </datafield>
    <datafield tag="041" ind1=" " ind2=" ">
      <subfield code="a">spa</subfield>
    </datafield>
    <datafield tag="044" ind1=" " ind2=" ">
      <subfield code="a">ES</subfield>
    </datafield>
    <datafield tag="080" ind1=" " ind2=" ">
      <subfield code="a">930.1 J526r</subfield>
    </datafield>
    <datafield tag="100" ind1=" " ind2=" ">
      <subfield code="a">Jenkins, Keith.</subfield>
    </datafield>
    <datafield tag="245" ind1=" " ind2=" ">
      <subfield code="a">Repensar la historia</subfield>
      <subfield code="c"> / Izquierdo Martín, Jesús, tr.</subfield>
    </datafield>
    <datafield tag="250" ind1=" " ind2=" ">
      <subfield code="a">1a ed. en castellano</subfield>
    </datafield>
    <datafield tag="260" ind1=" " ind2=" ">
      <subfield code="a">Madrid</subfield>
      <subfield code="b"> : Siglo Veintiuno</subfield>
      <subfield code="c"> , 2009</subfield>
    </datafield>
    <datafield tag="650" ind1=" " ind2=" ">
      <subfield code="a"> HISTORIOGRAFIA</subfield>
    </datafield>
    <datafield tag="650" ind1=" " ind2=" ">
      <subfield code="a"> FILOSOFIA DE LA HISTORIA</subfield>
    </datafield>
    <datafield tag="942" ind1=" " ind2=" ">
      <subfield code="c">BK</subfield>
    </datafield>
    <datafield tag="952" ind1=" " ind2=" ">
      <subfield code="a">BIB_RECT</subfield>
      <subfield code="b">BIB_UARG</subfield>
      <subfield code="d">2017-03-10</subfield>
      <subfield code="y">BK</subfield>
      <subfield code="p">05-48542</subfield>
      <subfield code="i">05-48542</subfield>
      <subfield code="g">390</subfield>
      <subfield code="o">930.1 J526r</subfield>
      <subfield code="e">Compra SIUNPA</subfield>
      <subfield code="8">CG</subfield>
    </datafield>
  </record>