
  <record>
    <leader>01000aam  22002601a 4500</leader>
    <controlfield tag="001">YPZ100457</controlfield>
    <controlfield tag="003">YPZ</controlfield>
    <controlfield tag="005">201708091030380</controlfield>
    <controlfield tag="008">170809|###########||||||b||||||||||spa|d</controlfield>
    <datafield tag="020" ind1=" " ind2=" ">
      <subfield code="a">9789501261561</subfield>
    </datafield>
    <datafield tag="040" ind1=" " ind2=" ">
      <subfield code="c">SIUNPA</subfield>
    </datafield>
    <datafield tag="041" ind1=" " ind2=" ">
      <subfield code="a">spa</subfield>
    </datafield>
    <datafield tag="044" ind1=" " ind2=" ">
      <subfield code="a">AR</subfield>
    </datafield>
    <datafield tag="080" ind1=" " ind2=" ">
      <subfield code="a">37.013 F312e</subfield>
    </datafield>
    <datafield tag="100" ind1=" " ind2=" ">
      <subfield code="a">Feldman, Daniel.</subfield>
    </datafield>
    <datafield tag="245" ind1=" " ind2=" ">
      <subfield code="a">Enseñanza y escuela</subfield>
    </datafield>
    <datafield tag="250" ind1=" " ind2=" ">
      <subfield code="a">1a ed.</subfield>
    </datafield>
    <datafield tag="260" ind1=" " ind2=" ">
      <subfield code="a">Buenos Aires</subfield>
      <subfield code="b"> : Paidós</subfield>
      <subfield code="c"> , 2010</subfield>
    </datafield>
    <datafield tag="650" ind1=" " ind2=" ">
      <subfield code="a"> PEDAGOGIA  DIDACTICA</subfield>
    </datafield>
    <datafield tag="650" ind1=" " ind2=" ">
      <subfield code="a"> PRACTICA DOCENTE</subfield>
    </datafield>
    <datafield tag="650" ind1=" " ind2=" ">
      <subfield code="a"> ESCOLARIDAD</subfield>
    </datafield>
    <datafield tag="650" ind1=" " ind2=" ">
      <subfield code="a"> CURRICULO</subfield>
    </datafield>
    <datafield tag="942" ind1=" " ind2=" ">
      <subfield code="c">BK</subfield>
    </datafield>
    <datafield tag="952" ind1=" " ind2=" ">
      <subfield code="a">BIB_RECT</subfield>
      <subfield code="b">BIB_UASJ</subfield>
      <subfield code="d">2017-08-09</subfield>
      <subfield code="y">BK</subfield>
      <subfield code="p">04-48678</subfield>
      <subfield code="i">04-48678</subfield>
      <subfield code="g">183</subfield>
      <subfield code="o">37.013 F312e</subfield>
      <subfield code="e">Compra SIUNPA/17</subfield>
      <subfield code="8">CG</subfield>
    </datafield>
    <datafield tag="952" ind1=" " ind2=" ">
      <subfield code="a">BIB_RECT</subfield>
      <subfield code="b">BIB_UASJ</subfield>
      <subfield code="d">2017-08-09</subfield>
      <subfield code="y">BK</subfield>
      <subfield code="p">04-48679</subfield>
      <subfield code="i">04-48679</subfield>
      <subfield code="g">183</subfield>
      <subfield code="o">37.013 F312e</subfield>
      <subfield code="e">Compra SIUNPA/17</subfield>
      <subfield code="8">CG</subfield>
    </datafield>
    <datafield tag="952" ind1=" " ind2=" ">
      <subfield code="a">BIB_RECT</subfield>
      <subfield code="b">BIB_UASJ</subfield>
      <subfield code="d">2017-08-09</subfield>
      <subfield code="y">BK</subfield>
      <subfield code="p">04-48680</subfield>
      <subfield code="i">04-48680</subfield>
      <subfield code="g">183</subfield>
      <subfield code="o">37.013 F312e</subfield>
      <subfield code="e">Compra SIUNPA/17</subfield>
      <subfield code="8">CG</subfield>
    </datafield>
    <datafield tag="952" ind1=" " ind2=" ">
      <subfield code="a">BIB_RECT</subfield>
      <subfield code="b">BIB_UASJ</subfield>
      <subfield code="d">2017-08-09</subfield>
      <subfield code="y">BK</subfield>
      <subfield code="p">04-48681</subfield>
      <subfield code="i">04-48681</subfield>
      <subfield code="g">183</subfield>
      <subfield code="o">37.013 F312e</subfield>
      <subfield code="e">Compra SIUNPA/17</subfield>
      <subfield code="8">CG</subfield>
    </datafield>
    <datafield tag="952" ind1=" " ind2=" ">
      <subfield code="a">BIB_RECT</subfield>
      <subfield code="b">BIB_UARG</subfield>
      <subfield code="d">2018-05-07</subfield>
      <subfield code="y">BK</subfield>
      <subfield code="p">05-49663</subfield>
      <subfield code="i">05-49663</subfield>
      <subfield code="g">150</subfield>
      <subfield code="o">37.013 F312e</subfield>
      <subfield code="e">PI 29/A344</subfield>
      <subfield code="8">CG</subfield>
    </datafield>
  </record>