
  <record>
    <leader>01000aam  22002601a 4500</leader>
    <controlfield tag="001">YPZ100460</controlfield>
    <controlfield tag="003">YPZ</controlfield>
    <controlfield tag="005">201708091151000</controlfield>
    <controlfield tag="008">170809|###########||||||b||||||||||spa|d</controlfield>
    <datafield tag="020" ind1=" " ind2=" ">
      <subfield code="a">9788497324595</subfield>
    </datafield>
    <datafield tag="040" ind1=" " ind2=" ">
      <subfield code="c">SIUNPA</subfield>
    </datafield>
    <datafield tag="041" ind1=" " ind2=" ">
      <subfield code="a">spa</subfield>
    </datafield>
    <datafield tag="044" ind1=" " ind2=" ">
      <subfield code="a">ES</subfield>
    </datafield>
    <datafield tag="080" ind1=" " ind2=" ">
      <subfield code="a">55 M753g4</subfield>
    </datafield>
    <datafield tag="100" ind1=" " ind2=" ">
      <subfield code="a">Monroe, James S..</subfield>
    </datafield>
    <datafield tag="700" ind1=" " ind2=" ">
      <subfield code="a">Wicander, Reed.</subfield>
    </datafield>
    <datafield tag="700" ind1=" " ind2=" ">
      <subfield code="a">Pozo Rodríguez, Manuel.</subfield>
    </datafield>
    <datafield tag="245" ind1=" " ind2=" ">
      <subfield code="a">Geología</subfield>
      <subfield code="b"> : dinámica y evolución de la tierra</subfield>
    </datafield>
    <datafield tag="250" ind1=" " ind2=" ">
      <subfield code="a">4a ed.</subfield>
    </datafield>
    <datafield tag="260" ind1=" " ind2=" ">
      <subfield code="a">Madrid</subfield>
      <subfield code="b"> : Paraninfo</subfield>
      <subfield code="c"> , 2008</subfield>
    </datafield>
    <datafield tag="300" ind1=" " ind2=" ">
      <subfield code="a">xxiv, 295 p. : </subfield>
      <subfield code="b">il. ; </subfield>
      <subfield code="a">704 p. : </subfield>
      <subfield code="b">il. ; </subfield>
      <subfield code="a">670 p. : </subfield>
      <subfield code="b">il. ; </subfield>
      <subfield code="a">737 p. : </subfield>
      <subfield code="b">il. ; </subfield>
      <subfield code="a">xviii, 529 p. : </subfield>
      <subfield code="b">il. ; </subfield>
      <subfield code="a">370, [16] p. : </subfield>
      <subfield code="b">il. ; </subfield>
      <subfield code="a">x, 259 p., [1]  h. pleg. : </subfield>
      <subfield code="b">il. ; </subfield>
      <subfield code="a">302 p. : </subfield>
      <subfield code="b">il. ; </subfield>
      <subfield code="a">xxi, 233 p. : </subfield>
      <subfield code="b">il. ; </subfield>
      <subfield code="a">148 p. : </subfield>
      <subfield code="b">il. ; </subfield>
      <subfield code="a">87 p. : </subfield>
      <subfield code="b">il. ; </subfield>
      <subfield code="a">292 p. : </subfield>
      <subfield code="b">il. ; </subfield>
      <subfield code="a">159 p. : </subfield>
      <subfield code="b">il. ; </subfield>
      <subfield code="a">475 p. : </subfield>
      <subfield code="b">il. ; </subfield>
      <subfield code="a">[520] p. : </subfield>
      <subfield code="b">il. ; </subfield>
      <subfield code="a">462 p. : </subfield>
      <subfield code="b">il. ; </subfield>
      <subfield code="a">102 p. : </subfield>
      <subfield code="b">il. ; </subfield>
      <subfield code="a">95 p. : </subfield>
      <subfield code="b">il. ; </subfield>
      <subfield code="a">142 p. : </subfield>
      <subfield code="b">il. ; </subfield>
      <subfield code="a">191 p. : </subfield>
      <subfield code="b">il. ; </subfield>
      <subfield code="a">136, [ca. 21] p. : </subfield>
      <subfield code="b">il. ; </subfield>
      <subfield code="a">141 p. : </subfield>
      <subfield code="b">il. ; </subfield>
      <subfield code="a">v. : </subfield>
      <subfield code="b">il. ; </subfield>
      <subfield code="a">211 p. : </subfield>
      <subfield code="b">il. ; </subfield>
      <subfield code="a">180 p. : </subfield>
      <subfield code="b">il. ; </subfield>
      <subfield code="a">v. : </subfield>
      <subfield code="b">il. ; </subfield>
      <subfield code="a">500 p. : </subfield>
      <subfield code="b">il. ; </subfield>
      <subfield code="a">520 p. : </subfield>
      <subfield code="b">il. ; </subfield>
      <subfield code="a">90 p. : </subfield>
      <subfield code="b">il. ; </subfield>
      <subfield code="a">159 p. : </subfield>
      <subfield code="b">il. ; </subfield>
      <subfield code="a">320 p. : </subfield>
      <subfield code="b">il. ; </subfield>
      <subfield code="a">xxxii, 317 p. : </subfield>
      <subfield code="b">il. ; </subfield>
      <subfield code="a">v. : </subfield>
      <subfield code="b">il. ; </subfield>
      <subfield code="a">v. : </subfield>
      <subfield code="b">il. ; </subfield>
      <subfield code="a">v. : </subfield>
      <subfield code="b">il. ; </subfield>
      <subfield code="a">214 p. : </subfield>
      <subfield code="a">128 p. : </subfield>
      <subfield code="b">il. ; </subfield>
      <subfield code="a">46 p. : </subfield>
      <subfield code="a">77 p. : </subfield>
      <subfield code="a">55 p. : </subfield>
      <subfield code="b">il. ; </subfield>
      <subfield code="a">45 p. : </subfield>
      <subfield code="b">il. ; </subfield>
      <subfield code="a">66 p. : </subfield>
      <subfield code="b">il. ; </subfield>
      <subfield code="a">69 p. : </subfield>
      <subfield code="a">164 p. : </subfield>
      <subfield code="b">il. ; </subfield>
      <subfield code="a">125 p. : </subfield>
      <subfield code="a">2 v. : </subfield>
      <subfield code="b">il. ; </subfield>
      <subfield code="a">118 p. : </subfield>
      <subfield code="a">177 p. : </subfield>
      <subfield code="a">xvi, 335 p. : </subfield>
      <subfield code="b">il. ; </subfield>
      <subfield code="a">162 p. : </subfield>
      <subfield code="b">il. ; </subfield>
      <subfield code="a">xxxiv, 237 p. : </subfield>
      <subfield code="b">il. ; </subfield>
      <subfield code="a">372 p. : </subfield>
      <subfield code="b">il. ; </subfield>
      <subfield code="a">xxii, [1052] p. en varias paginaciones : </subfield>
      <subfield code="b">il. ; </subfield>
      <subfield code="a">288 p. : </subfield>
      <subfield code="b">il. ; </subfield>
      <subfield code="a">157 p. : </subfield>
      <subfield code="a">443 p. : </subfield>
      <subfield code="b">il. ; </subfield>
      <subfield code="a">149 p. : </subfield>
      <subfield code="b">il. ; </subfield>
      <subfield code="a">vii, 600 p. : </subfield>
      <subfield code="b">il. ; </subfield>
      <subfield code="a">xxiii, [912] p. en varias paginaciones : </subfield>
      <subfield code="b">il. ; </subfield>
      <subfield code="a">268 p. : </subfield>
      <subfield code="b">il. ; </subfield>
      <subfield code="a">597 p. : </subfield>
      <subfield code="b">il. ; </subfield>
      <subfield code="a">152 p`. : </subfield>
      <subfield code="b">il. ; </subfield>
      <subfield code="a">x, 167 p. : </subfield>
      <subfield code="b">il. ; </subfield>
      <subfield code="a">xxvii, 226 p. : </subfield>
      <subfield code="b">il. ; </subfield>
      <subfield code="a">v.1, 744 : </subfield>
      <subfield code="a">323 p. : </subfield>
      <subfield code="b">il. ; </subfield>
      <subfield code="a">282 p. : </subfield>
      <subfield code="b">il. ; </subfield>
      <subfield code="a">236 p. : </subfield>
      <subfield code="b">il. ; </subfield>
      <subfield code="a">xiii, 522 p. : </subfield>
      <subfield code="b">il. ; </subfield>
      <subfield code="a">127 p. : </subfield>
      <subfield code="b">il. ; </subfield>
      <subfield code="a">363. p. : </subfield>
      <subfield code="b">il. ; </subfield>
      <subfield code="a">312 p. : </subfield>
      <subfield code="b">il. ; </subfield>
      <subfield code="a">xxi, 467 p. : </subfield>
      <subfield code="b">il. ; </subfield>
      <subfield code="a">xx, 524 p. : </subfield>
      <subfield code="b">il. ; </subfield>
      <subfield code="a">169 p. : </subfield>
      <subfield code="b">il. ; </subfield>
      <subfield code="a">xiii, 104 p. : </subfield>
      <subfield code="b">il. ; </subfield>
      <subfield code="a">xxix, 431 p. : </subfield>
      <subfield code="b">il. ; </subfield>
      <subfield code="a">xxv, 133 p. : </subfield>
      <subfield code="b">il. ; </subfield>
      <subfield code="a">xix, 652 p. : </subfield>
      <subfield code="b">il. ; </subfield>
      <subfield code="a">xxii, 187 p. : </subfield>
      <subfield code="b">il. ; </subfield>
      <subfield code="a">747 p. : </subfield>
      <subfield code="b">il. ; </subfield>
      <subfield code="a">xxi, 452 p. : </subfield>
      <subfield code="b">il. ; </subfield>
      <subfield code="a">496 p. : </subfield>
      <subfield code="b">il. ; </subfield>
      <subfield code="a">xxxiii, 540 p. : </subfield>
      <subfield code="b">il. ; </subfield>
      <subfield code="a">x, 399 p. : </subfield>
      <subfield code="b">il. ; </subfield>
      <subfield code="a">x, 350 p. : </subfield>
      <subfield code="b">il. ; </subfield>
      <subfield code="a">142 p. : </subfield>
      <subfield code="b">il. ; </subfield>
      <subfield code="a">xvi, 249 p. : </subfield>
      <subfield code="b">il. ; </subfield>
      <subfield code="a">136 p. : </subfield>
      <subfield code="a">104 p. : </subfield>
      <subfield code="a">252 p. : </subfield>
      <subfield code="b">il. ; </subfield>
      <subfield code="a">199 p. : </subfield>
      <subfield code="a">222 p. : </subfield>
      <subfield code="a">188 p. : </subfield>
      <subfield code="a">xxii, 613, [50] p. : </subfield>
      <subfield code="b">il. ; </subfield>
      <subfield code="a">xxvi, 852 p. : </subfield>
      <subfield code="b">il. ; </subfield>
      <subfield code="a">xiv, 386 p. : </subfield>
      <subfield code="b">il. ; </subfield>
      <subfield code="a">xiii, 384 p. : </subfield>
      <subfield code="b">il. ; </subfield>
      <subfield code="a">477 p. : </subfield>
      <subfield code="a">163 p. : </subfield>
      <subfield code="b">il. ; </subfield>
      <subfield code="a">221 p. : </subfield>
      <subfield code="b">il. ; </subfield>
      <subfield code="a">206 p. : </subfield>
      <subfield code="b">il. ; </subfield>
      <subfield code="a">xxxvii, 413 p. : </subfield>
      <subfield code="b">il. ; </subfield>
      <subfield code="a">397 p. : </subfield>
      <subfield code="a">345 p. : </subfield>
      <subfield code="b">il. ; </subfield>
      <subfield code="a">219 p. : </subfield>
      <subfield code="a">235 p. : </subfield>
      <subfield code="a">341 p. : </subfield>
      <subfield code="a">xvii, 322 p. : </subfield>
      <subfield code="b">il. ; </subfield>
      <subfield code="a">198 p. : </subfield>
      <subfield code="a">172 p. : </subfield>
      <subfield code="a">206 p. : </subfield>
      <subfield code="a">352 p. : </subfield>
      <subfield code="a">240 p. : </subfield>
      <subfield code="a">250 p. : </subfield>
      <subfield code="a">159 p. : </subfield>
      <subfield code="b">il. ; </subfield>
      <subfield code="a">316 p. : </subfield>
      <subfield code="a">166 p. : </subfield>
      <subfield code="b">il. ; </subfield>
      <subfield code="a">274 p. : </subfield>
      <subfield code="a">508 p. : </subfield>
      <subfield code="a">xv, 383 p. : </subfield>
      <subfield code="b">il. ; </subfield>
      <subfield code="a">xvi, 260 p. : </subfield>
      <subfield code="b">il. ; </subfield>
      <subfield code="a">205 p. : </subfield>
      <subfield code="b">il. ; </subfield>
      <subfield code="a">171 p. : </subfield>
      <subfield code="b">il. ; </subfield>
      <subfield code="a">309 p. : </subfield>
      <subfield code="b">il. ; </subfield>
      <subfield code="a">365 P. : </subfield>
      <subfield code="a">xv, 637 p. : </subfield>
      <subfield code="b">il. ; </subfield>
      <subfield code="a">306 p. : </subfield>
      <subfield code="a">379 p. : </subfield>
      <subfield code="b">il. ; </subfield>
      <subfield code="a">276 p. : </subfield>
      <subfield code="a">106 p. : </subfield>
      <subfield code="a">150 p. : </subfield>
      <subfield code="a">213 p. : </subfield>
      <subfield code="b">il. ; </subfield>
      <subfield code="a">141 p. : </subfield>
      <subfield code="a">344 p. : </subfield>
      <subfield code="b">il. ; </subfield>
      <subfield code="a">xvii, 338 p. : </subfield>
      <subfield code="b">il. ; </subfield>
      <subfield code="a">xiv, 129 p. : </subfield>
      <subfield code="a">xii, 187 p. : </subfield>
      <subfield code="b">il. ; </subfield>
      <subfield code="a">663 p. : </subfield>
      <subfield code="b">il. ; </subfield>
      <subfield code="a">277 p. : </subfield>
      <subfield code="a">311 il. : </subfield>
      <subfield code="a">xi, 137 p. : </subfield>
      <subfield code="b">il. ; </subfield>
      <subfield code="a">x, 290 p. : </subfield>
      <subfield code="b">il. ; </subfield>
      <subfield code="a">v. : </subfield>
      <subfield code="b">il. ; </subfield>
      <subfield code="a">190 p. : </subfield>
      <subfield code="a">xxx, 1107, [38] p. en varias paginaciones : </subfield>
      <subfield code="b">il. ; </subfield>
      <subfield code="a">v. : </subfield>
      <subfield code="b">il. ; </subfield>
      <subfield code="a">80 p. : </subfield>
      <subfield code="b">il. ; </subfield>
      <subfield code="a">xxix, 557, [52] p. en varias paginaciones : </subfield>
      <subfield code="b">il. ; </subfield>
      <subfield code="a">xii, 356 p. : </subfield>
      <subfield code="b">il. ; </subfield>
      <subfield code="a">248 p. : </subfield>
      <subfield code="b">il. ; </subfield>
      <subfield code="a">116 p. : </subfield>
      <subfield code="a">237 p. : </subfield>
      <subfield code="a">148 p. : </subfield>
      <subfield code="a">77 p. : </subfield>
      <subfield code="b">il. ; </subfield>
      <subfield code="a">184 p. : </subfield>
      <subfield code="b">il. ; </subfield>
      <subfield code="a">186 p. : </subfield>
      <subfield code="a">356 p. : </subfield>
      <subfield code="b">il. ; </subfield>
      <subfield code="a">xxii, 477 p. : </subfield>
      <subfield code="b">il. ; </subfield>
      <subfield code="a">xxvi, 532 p. : </subfield>
      <subfield code="b">il. ; </subfield>
      <subfield code="a">xxix, 976, [55] p. : </subfield>
      <subfield code="b">il. ; </subfield>
      <subfield code="a">xi, 258 p. : </subfield>
      <subfield code="b">il. ; </subfield>
      <subfield code="a">267 p. : </subfield>
      <subfield code="a">67 p. : </subfield>
      <subfield code="b">il. ; </subfield>
      <subfield code="a">399 p. : </subfield>
      <subfield code="b">il. ; </subfield>
      <subfield code="a">210 p. : </subfield>
      <subfield code="b">il. ; </subfield>
      <subfield code="a">505 p. : </subfield>
      <subfield code="a">197 p. : </subfield>
      <subfield code="a">422 p. : </subfield>
      <subfield code="a">54 p. : </subfield>
      <subfield code="b">il. ; </subfield>
      <subfield code="a">207 p. : </subfield>
      <subfield code="b">il., fot. ; </subfield>
      <subfield code="a">276 p. : </subfield>
      <subfield code="b">il. ; </subfield>
      <subfield code="a">264 p. : </subfield>
      <subfield code="b">il. ; </subfield>
      <subfield code="a">xiii, 373 p. : </subfield>
      <subfield code="b">il. ; </subfield>
      <subfield code="a">391 p. : </subfield>
      <subfield code="a">348 p. : </subfield>
      <subfield code="b">il. ; </subfield>
      <subfield code="a">97 p. : </subfield>
      <subfield code="b">il. ; </subfield>
      <subfield code="a">v. : </subfield>
      <subfield code="a">161 p. : </subfield>
      <subfield code="a">96 p. : </subfield>
      <subfield code="b">il. ; </subfield>
      <subfield code="a">292 p. : </subfield>
      <subfield code="a">444 p. : </subfield>
      <subfield code="b">il. ; </subfield>
      <subfield code="a">103 p. : </subfield>
      <subfield code="b">il. ; </subfield>
      <subfield code="a">366 p. : </subfield>
      <subfield code="a">xviii, 533 p. : </subfield>
      <subfield code="b">il. ; </subfield>
      <subfield code="a">311 p. : </subfield>
      <subfield code="a">250 p. : </subfield>
      <subfield code="b">il. ; </subfield>
      <subfield code="a">272 p. : </subfield>
      <subfield code="b">il. ; </subfield>
      <subfield code="a">xix, 429 p. : </subfield>
      <subfield code="a">x, 327 p. : </subfield>
      <subfield code="b">il. ; </subfield>
      <subfield code="a">xxxi, [1296] p. en varias paginaciones : </subfield>
      <subfield code="b">il. ; </subfield>
      <subfield code="a">438 p. : </subfield>
      <subfield code="b">il. ; </subfield>
      <subfield code="a">223 p. : </subfield>
      <subfield code="b">il. ; </subfield>
      <subfield code="a">xx, 792 p. : </subfield>
      <subfield code="b">il. ; </subfield>
      <subfield code="a">1046, [24] p. : </subfield>
      <subfield code="b">il., fot. ; </subfield>
      <subfield code="a">148 p. : </subfield>
      <subfield code="b">il. ; </subfield>
      <subfield code="a">191 p. : </subfield>
      <subfield code="b">il. ; </subfield>
      <subfield code="a">245 p. : </subfield>
      <subfield code="a">793 p. : </subfield>
      <subfield code="b">il. ; </subfield>
      <subfield code="a">513 p. : </subfield>
      <subfield code="a">231 p. : </subfield>
      <subfield code="b">il. ; </subfield>
      <subfield code="a">219 p. : </subfield>
      <subfield code="b">il. ; </subfield>
      <subfield code="a">216 p. : </subfield>
      <subfield code="b">il. ; </subfield>
      <subfield code="a">380 p. : </subfield>
      <subfield code="b">il. ; </subfield>
      <subfield code="a">328 p. : </subfield>
      <subfield code="a">267 p. : </subfield>
      <subfield code="a">xxv, 510 p. : </subfield>
      <subfield code="a">296 p. : </subfield>
      <subfield code="a">xxiv, 344 p. : </subfield>
      <subfield code="b">il. ; </subfield>
      <subfield code="a">387 p. : </subfield>
      <subfield code="b">il. ; </subfield>
      <subfield code="a">xii, 440 p. : </subfield>
      <subfield code="a">56 p. : </subfield>
      <subfield code="b">il. ; </subfield>
      <subfield code="a">677 p. : </subfield>
      <subfield code="b">il. ; </subfield>
      <subfield code="a">196 p. : </subfield>
      <subfield code="b">il. ; </subfield>
      <subfield code="a">303 p. : </subfield>
      <subfield code="a">175 p. : </subfield>
      <subfield code="a">284 p. : </subfield>
      <subfield code="b">il. ; </subfield>
      <subfield code="a">113 p. : </subfield>
      <subfield code="a">326 p. : </subfield>
      <subfield code="a">364 p. : </subfield>
      <subfield code="b">il. ; </subfield>
      <subfield code="a">126 p. : </subfield>
      <subfield code="b">il. ; </subfield>
      <subfield code="a">476 p. : </subfield>
      <subfield code="b">il. ; </subfield>
      <subfield code="a">204 p. : </subfield>
      <subfield code="b">il. ; </subfield>
      <subfield code="a">144 p. : </subfield>
      <subfield code="b">il. ; </subfield>
      <subfield code="a">505 p. : </subfield>
      <subfield code="b">il. ; </subfield>
      <subfield code="a">115 p. : </subfield>
      <subfield code="a">272 p. : </subfield>
      <subfield code="a">329 p. : </subfield>
      <subfield code="b">il. ; </subfield>
      <subfield code="a">xv, 726 p. : </subfield>
      <subfield code="e">1 CD-ROM en bolsillo</subfield>
    </datafield>
    <datafield tag="500" ind1=" " ind2=" ">
      <subfield code="a">Contenido del CD-ROM: CD-ROM en inglés</subfield>
    </datafield>
    <datafield tag="650" ind1=" " ind2=" ">
      <subfield code="a"> GEOLOGIA</subfield>
    </datafield>
    <datafield tag="650" ind1=" " ind2=" ">
      <subfield code="a"> CIENCIAS DE LA TIERRA</subfield>
    </datafield>
    <datafield tag="942" ind1=" " ind2=" ">
      <subfield code="c">BK</subfield>
    </datafield>
    <datafield tag="952" ind1=" " ind2=" ">
      <subfield code="a">BIB_RECT</subfield>
      <subfield code="b">BIB_UACO</subfield>
      <subfield code="d">2017-08-09</subfield>
      <subfield code="y">BK</subfield>
      <subfield code="p">02-48592</subfield>
      <subfield code="i">02-48592</subfield>
      <subfield code="g">1900</subfield>
      <subfield code="o">55 M753g4</subfield>
      <subfield code="e">Compra SIUNPA/17</subfield>
      <subfield code="8">CG</subfield>
    </datafield>
    <datafield tag="952" ind1=" " ind2=" ">
      <subfield code="a">BIB_RECT</subfield>
      <subfield code="b">BIB_UACO</subfield>
      <subfield code="d">2017-08-09</subfield>
      <subfield code="y">BK</subfield>
      <subfield code="p">02-48593</subfield>
      <subfield code="i">02-48593</subfield>
      <subfield code="g">1900</subfield>
      <subfield code="o">55 M753g4</subfield>
      <subfield code="e">Compra SIUNPA/17</subfield>
      <subfield code="8">CG</subfield>
    </datafield>
    <datafield tag="952" ind1=" " ind2=" ">
      <subfield code="a">BIB_RECT</subfield>
      <subfield code="b">BIB_UACO</subfield>
      <subfield code="d">2017-08-09</subfield>
      <subfield code="y">BK</subfield>
      <subfield code="p">02-48594</subfield>
      <subfield code="i">02-48594</subfield>
      <subfield code="g">1900</subfield>
      <subfield code="o">55 M753g4</subfield>
      <subfield code="e">Compra SIUNPA/17</subfield>
      <subfield code="8">CG</subfield>
    </datafield>
    <datafield tag="952" ind1=" " ind2=" ">
      <subfield code="a">BIB_RECT</subfield>
      <subfield code="b">BIB_UACO</subfield>
      <subfield code="d">2017-08-09</subfield>
      <subfield code="y">BK</subfield>
      <subfield code="p">02-48595</subfield>
      <subfield code="i">02-48595</subfield>
      <subfield code="g">1900</subfield>
      <subfield code="o">55 M753g4</subfield>
      <subfield code="e">Compra SIUNPA/17</subfield>
      <subfield code="8">CG</subfield>
    </datafield>
    <datafield tag="952" ind1=" " ind2=" ">
      <subfield code="a">BIB_RECT</subfield>
      <subfield code="b">BIB_UACO</subfield>
      <subfield code="d">2017-08-09</subfield>
      <subfield code="y">BK</subfield>
      <subfield code="p">02-48596</subfield>
      <subfield code="i">02-48596</subfield>
      <subfield code="g">1900</subfield>
      <subfield code="o">55 M753g4</subfield>
      <subfield code="e">Compra SIUNPA/17</subfield>
      <subfield code="8">CG</subfield>
    </datafield>
  </record>