
  <record>
    <leader>01000aam  22002601a 4500</leader>
    <controlfield tag="001">YPZ100489</controlfield>
    <controlfield tag="003">YPZ</controlfield>
    <controlfield tag="005">201708111016360</controlfield>
    <controlfield tag="008">170811|###########||||||b||||||||||spa|d</controlfield>
    <datafield tag="020" ind1=" " ind2=" ">
      <subfield code="a">9789875381384</subfield>
    </datafield>
    <datafield tag="040" ind1=" " ind2=" ">
      <subfield code="c">SIUNPA</subfield>
    </datafield>
    <datafield tag="041" ind1=" " ind2=" ">
      <subfield code="a">spa</subfield>
    </datafield>
    <datafield tag="044" ind1=" " ind2=" ">
      <subfield code="a">AR</subfield>
    </datafield>
    <datafield tag="080" ind1=" " ind2=" ">
      <subfield code="a">159.922.7 G445v</subfield>
    </datafield>
    <datafield tag="100" ind1=" " ind2=" ">
      <subfield code="a">Giberti, Eva.</subfield>
    </datafield>
    <datafield tag="700" ind1=" " ind2=" ">
      <subfield code="a">Garaventa, Jorge.</subfield>
    </datafield>
    <datafield tag="700" ind1=" " ind2=" ">
      <subfield code="a">Lamberti, Silvio.</subfield>
    </datafield>
    <datafield tag="245" ind1=" " ind2=" ">
      <subfield code="a">Vulnerabilidad, desvalimiento y maltrato infantil en las organizaciones familiares</subfield>
    </datafield>
    <datafield tag="250" ind1=" " ind2=" ">
      <subfield code="a">1a ed., 1a reimpr.</subfield>
    </datafield>
    <datafield tag="260" ind1=" " ind2=" ">
      <subfield code="a">Buenos Aires</subfield>
      <subfield code="b"> : Noveduc</subfield>
      <subfield code="c"> , 2016</subfield>
    </datafield>
    <datafield tag="650" ind1=" " ind2=" ">
      <subfield code="a"> PSICOLOGIA INFANTIL  ABUSO DE MENORES</subfield>
    </datafield>
    <datafield tag="650" ind1=" " ind2=" ">
      <subfield code="a"> NIÑOS MALTRATADOS</subfield>
    </datafield>
    <datafield tag="650" ind1=" " ind2=" ">
      <subfield code="a"> VIOLENCIA EN EL HOGAR</subfield>
    </datafield>
    <datafield tag="650" ind1=" " ind2=" ">
      <subfield code="a"> NIÑOS </subfield>
    </datafield>
    <datafield tag="650" ind1=" " ind2=" ">
      <subfield code="a"> ADOLESCENTES</subfield>
    </datafield>
    <datafield tag="942" ind1=" " ind2=" ">
      <subfield code="c">BK</subfield>
    </datafield>
    <datafield tag="952" ind1=" " ind2=" ">
      <subfield code="a">BIB_RECT</subfield>
      <subfield code="b">BIB_UACO</subfield>
      <subfield code="d">2017-08-11</subfield>
      <subfield code="y">BK</subfield>
      <subfield code="p">02-48524</subfield>
      <subfield code="i">02-48524</subfield>
      <subfield code="g">251</subfield>
      <subfield code="o">159.922.7 G445v</subfield>
      <subfield code="e">Compra Siunpa/17</subfield>
      <subfield code="8">CG</subfield>
    </datafield>
    <datafield tag="952" ind1=" " ind2=" ">
      <subfield code="a">BIB_RECT</subfield>
      <subfield code="b">BIB_UACO</subfield>
      <subfield code="d">2017-08-11</subfield>
      <subfield code="y">BK</subfield>
      <subfield code="p">02-48525</subfield>
      <subfield code="i">02-48525</subfield>
      <subfield code="g">251</subfield>
      <subfield code="o">159.922.7 G445v</subfield>
      <subfield code="e">Compra Siunpa/17</subfield>
      <subfield code="8">CG</subfield>
    </datafield>
    <datafield tag="952" ind1=" " ind2=" ">
      <subfield code="a">BIB_RECT</subfield>
      <subfield code="b">BIB_UACO</subfield>
      <subfield code="d">2017-08-11</subfield>
      <subfield code="y">BK</subfield>
      <subfield code="p">02-48526</subfield>
      <subfield code="i">02-48526</subfield>
      <subfield code="g">251</subfield>
      <subfield code="o">159.922.7 G445v</subfield>
      <subfield code="e">Compra Siunpa/17</subfield>
      <subfield code="8">CG</subfield>
    </datafield>
    <datafield tag="952" ind1=" " ind2=" ">
      <subfield code="a">BIB_RECT</subfield>
      <subfield code="b">BIB_UACO</subfield>
      <subfield code="d">2017-08-11</subfield>
      <subfield code="y">BK</subfield>
      <subfield code="p">02-48527</subfield>
      <subfield code="i">02-48527</subfield>
      <subfield code="g">251</subfield>
      <subfield code="o">159.922.7 G445v</subfield>
      <subfield code="e">Compra Siunpa/17</subfield>
      <subfield code="8">CG</subfield>
    </datafield>
  </record>