
  <record>
    <leader>01000aam  22002601a 4500</leader>
    <controlfield tag="001">YPZ100494</controlfield>
    <controlfield tag="003">YPZ</controlfield>
    <controlfield tag="005">201708111052300</controlfield>
    <controlfield tag="008">170811|###########||||||b||||||||||spa|d</controlfield>
    <datafield tag="020" ind1=" " ind2=" ">
      <subfield code="a">9789875383128</subfield>
    </datafield>
    <datafield tag="040" ind1=" " ind2=" ">
      <subfield code="c">SIUNPA</subfield>
    </datafield>
    <datafield tag="041" ind1=" " ind2=" ">
      <subfield code="a">spa</subfield>
    </datafield>
    <datafield tag="044" ind1=" " ind2=" ">
      <subfield code="a">AR</subfield>
    </datafield>
    <datafield tag="080" ind1=" " ind2=" ">
      <subfield code="a">159.922.7 J337s</subfield>
    </datafield>
    <datafield tag="100" ind1=" " ind2=" ">
      <subfield code="a">Janin, Beatriz.</subfield>
    </datafield>
    <datafield tag="245" ind1=" " ind2=" ">
      <subfield code="a">El sufrimiento psíquico en los niños</subfield>
      <subfield code="b"> : psicopatología infantil y constitución subjetiva</subfield>
    </datafield>
    <datafield tag="250" ind1=" " ind2=" ">
      <subfield code="a">1a ed., 1a reimpr.</subfield>
    </datafield>
    <datafield tag="260" ind1=" " ind2=" ">
      <subfield code="a">Buenos Aires</subfield>
      <subfield code="b"> : Noveduc</subfield>
      <subfield code="c"> , reimpr.2012</subfield>
    </datafield>
    <datafield tag="440" ind1=" " ind2=" ">
      <subfield code="a">Velamen</subfield>
      <subfield code="a">Velamen</subfield>
      <subfield code="a">Geogebra</subfield>
      <subfield code="a">Familia/s</subfield>
      <subfield code="a">Velamen</subfield>
      <subfield code="a">Familia/s</subfield>
      <subfield code="a">Espejo de la Argentina</subfield>
      <subfield code="a">Colección conjunciones</subfield>
      <subfield code="v">24</subfield>
    </datafield>
    <datafield tag="490" ind1=" " ind2=" ">
      <subfield code="a">Velamen</subfield>
      <subfield code="a">Velamen</subfield>
      <subfield code="a">Geogebra</subfield>
      <subfield code="a">Familia/s</subfield>
      <subfield code="a">Velamen</subfield>
      <subfield code="a">Familia/s</subfield>
      <subfield code="a">Espejo de la Argentina</subfield>
      <subfield code="a">Colección conjunciones</subfield>
      <subfield code="v">24</subfield>
    </datafield>
    <datafield tag="650" ind1=" " ind2=" ">
      <subfield code="a"> PSICOLOGIA INFANTIL  NIÑOS</subfield>
    </datafield>
    <datafield tag="650" ind1=" " ind2=" ">
      <subfield code="a"> PSICOANALISIS</subfield>
    </datafield>
    <datafield tag="650" ind1=" " ind2=" ">
      <subfield code="a"> PSICOPATOLOGIA</subfield>
    </datafield>
    <datafield tag="942" ind1=" " ind2=" ">
      <subfield code="c">BK</subfield>
    </datafield>
    <datafield tag="952" ind1=" " ind2=" ">
      <subfield code="a">BIB_RECT</subfield>
      <subfield code="b">BIB_UACO</subfield>
      <subfield code="d">2017-08-11</subfield>
      <subfield code="y">BK</subfield>
      <subfield code="p">02-48504</subfield>
      <subfield code="i">02-48504</subfield>
      <subfield code="g">180</subfield>
      <subfield code="o">159.922.7 J337s</subfield>
      <subfield code="e">Compra Siunpa/17</subfield>
      <subfield code="8">CG</subfield>
    </datafield>
    <datafield tag="952" ind1=" " ind2=" ">
      <subfield code="a">BIB_RECT</subfield>
      <subfield code="b">BIB_UACO</subfield>
      <subfield code="d">2017-08-11</subfield>
      <subfield code="y">BK</subfield>
      <subfield code="p">02-48505</subfield>
      <subfield code="i">02-48505</subfield>
      <subfield code="g">180</subfield>
      <subfield code="o">159.922.7 J337s</subfield>
      <subfield code="e">Compra Siunpa/17</subfield>
      <subfield code="8">CG</subfield>
    </datafield>
  </record>