
  <record>
    <leader>01000aam  22002601a 4500</leader>
    <controlfield tag="001">YPZ100501</controlfield>
    <controlfield tag="003">YPZ</controlfield>
    <controlfield tag="005">201708111414050</controlfield>
    <controlfield tag="008">170811|###########||||||b||||||||||spa|d</controlfield>
    <datafield tag="020" ind1=" " ind2=" ">
      <subfield code="a">8429150013 (o.c.)</subfield>
    </datafield>
    <datafield tag="020" ind1=" " ind2=" ">
      <subfield code="a">8429150021 (t.1)</subfield>
    </datafield>
    <datafield tag="040" ind1=" " ind2=" ">
      <subfield code="c">SIUNPA</subfield>
    </datafield>
    <datafield tag="041" ind1=" " ind2=" ">
      <subfield code="a">spa</subfield>
    </datafield>
    <datafield tag="044" ind1=" " ind2=" ">
      <subfield code="a">ES</subfield>
    </datafield>
    <datafield tag="080" ind1=" " ind2=" ">
      <subfield code="a">517 A645c2</subfield>
    </datafield>
    <datafield tag="100" ind1=" " ind2=" ">
      <subfield code="a">Apostol, Tom M..</subfield>
    </datafield>
    <datafield tag="245" ind1=" " ind2=" ">
      <subfield code="a">Calculus</subfield>
      <subfield code="b"> : cálculo con funciones de una variable con una introducción al álgebra lineal</subfield>
      <subfield code="c"> / Veléz Cantarell, Francisco, versión española ; Linés Escardó, Enrique, rev.</subfield>
    </datafield>
    <datafield tag="250" ind1=" " ind2=" ">
      <subfield code="a">2a ed.</subfield>
    </datafield>
    <datafield tag="260" ind1=" " ind2=" ">
      <subfield code="a">Barcelona</subfield>
      <subfield code="b"> : Reverté</subfield>
      <subfield code="c"> , c1979</subfield>
    </datafield>
    <datafield tag="500" ind1=" " ind2=" ">
      <subfield code="a">El año de reimpresión varía según el ejemplar</subfield>
    </datafield>
    <datafield tag="650" ind1=" " ind2=" ">
      <subfield code="a"> CALCULO</subfield>
    </datafield>
    <datafield tag="650" ind1=" " ind2=" ">
      <subfield code="a"> ANALISIS MATEMATICO</subfield>
    </datafield>
    <datafield tag="650" ind1=" " ind2=" ">
      <subfield code="a"> FUNCIONES (MATEMATICAS)</subfield>
    </datafield>
    <datafield tag="942" ind1=" " ind2=" ">
      <subfield code="c">BK</subfield>
    </datafield>
    <datafield tag="952" ind1=" " ind2=" ">
      <subfield code="a">BIB_RECT</subfield>
      <subfield code="b">BIB_UACO</subfield>
      <subfield code="d">2017-03-30</subfield>
      <subfield code="y">BK</subfield>
      <subfield code="p">02-00549</subfield>
      <subfield code="i">02-00549</subfield>
      <subfield code="g">450</subfield>
      <subfield code="o">517 A645c2</subfield>
      <subfield code="e">UACO</subfield>
      <subfield code="8">CG</subfield>
    </datafield>
    <datafield tag="952" ind1=" " ind2=" ">
      <subfield code="a">BIB_RECT</subfield>
      <subfield code="b">BIB_UART</subfield>
      <subfield code="d">2017-03-30</subfield>
      <subfield code="y">BK</subfield>
      <subfield code="p">03-00087</subfield>
      <subfield code="i">03-00087</subfield>
      <subfield code="g">450</subfield>
      <subfield code="o">517 A645c2</subfield>
      <subfield code="e">UFPA</subfield>
      <subfield code="8">CG</subfield>
    </datafield>
    <datafield tag="952" ind1=" " ind2=" ">
      <subfield code="a">BIB_RECT</subfield>
      <subfield code="b">BIB_UART</subfield>
      <subfield code="d">2017-03-30</subfield>
      <subfield code="y">BK</subfield>
      <subfield code="p">03-01841</subfield>
      <subfield code="i">03-01841</subfield>
      <subfield code="g">450</subfield>
      <subfield code="o">517 A645c2</subfield>
      <subfield code="e">REEMPLAZO FOMEC O/C 40/99</subfield>
      <subfield code="8">CG</subfield>
    </datafield>
    <datafield tag="952" ind1=" " ind2=" ">
      <subfield code="a">BIB_RECT</subfield>
      <subfield code="b">BIB_UART</subfield>
      <subfield code="d">2017-03-30</subfield>
      <subfield code="y">BK</subfield>
      <subfield code="p">03-02050</subfield>
      <subfield code="i">03-02050</subfield>
      <subfield code="g">450</subfield>
      <subfield code="o">517 A645c2</subfield>
      <subfield code="e">REEMPLAZO FOMEC O/C 40/99</subfield>
      <subfield code="8">CG</subfield>
    </datafield>
    <datafield tag="952" ind1=" " ind2=" ">
      <subfield code="a">BIB_RECT</subfield>
      <subfield code="b">BIB_UART</subfield>
      <subfield code="d">2017-03-30</subfield>
      <subfield code="y">BK</subfield>
      <subfield code="p">03-02051</subfield>
      <subfield code="i">03-02051</subfield>
      <subfield code="g">450</subfield>
      <subfield code="o">517 A645c2</subfield>
      <subfield code="e">REEMPLAZO FOMEC O/C Nº40/99</subfield>
      <subfield code="8">CG</subfield>
    </datafield>
    <datafield tag="952" ind1=" " ind2=" ">
      <subfield code="a">BIB_RECT</subfield>
      <subfield code="b">BIB_UARG</subfield>
      <subfield code="d">2017-03-30</subfield>
      <subfield code="y">BK</subfield>
      <subfield code="p">05-06574</subfield>
      <subfield code="i">05-06574</subfield>
      <subfield code="g">450</subfield>
      <subfield code="o">517 A645c2</subfield>
      <subfield code="e">Migración UARG</subfield>
      <subfield code="8">CG</subfield>
    </datafield>
    <datafield tag="952" ind1=" " ind2=" ">
      <subfield code="a">BIB_RECT</subfield>
      <subfield code="b">BIB_UARG</subfield>
      <subfield code="d">2017-03-30</subfield>
      <subfield code="y">BK</subfield>
      <subfield code="p">05-06575</subfield>
      <subfield code="i">05-06575</subfield>
      <subfield code="g">450</subfield>
      <subfield code="o">517 A645c2</subfield>
      <subfield code="e">Migración UARG</subfield>
      <subfield code="8">CG</subfield>
    </datafield>
    <datafield tag="952" ind1=" " ind2=" ">
      <subfield code="a">BIB_RECT</subfield>
      <subfield code="b">BIB_UARG</subfield>
      <subfield code="d">2017-03-30</subfield>
      <subfield code="y">BK</subfield>
      <subfield code="p">05-10706</subfield>
      <subfield code="i">05-10706</subfield>
      <subfield code="g">450</subfield>
      <subfield code="o">517 A645c2</subfield>
      <subfield code="e">Migración UARG</subfield>
      <subfield code="8">CG</subfield>
    </datafield>
    <datafield tag="952" ind1=" " ind2=" ">
      <subfield code="a">BIB_RECT</subfield>
      <subfield code="b">BIB_UARG</subfield>
      <subfield code="d">2017-03-30</subfield>
      <subfield code="y">BK</subfield>
      <subfield code="p">05-10707</subfield>
      <subfield code="i">05-10707</subfield>
      <subfield code="g">450</subfield>
      <subfield code="o">517 A645c2</subfield>
      <subfield code="e">Migración UARG</subfield>
      <subfield code="8">CG</subfield>
    </datafield>
  </record>