
  <record>
    <leader>01000aam  22002601a 4500</leader>
    <controlfield tag="001">YPZ100510</controlfield>
    <controlfield tag="003">YPZ</controlfield>
    <controlfield tag="005">201708151158560</controlfield>
    <controlfield tag="008">170815|###########||||||b||||||||||spa|d</controlfield>
    <datafield tag="040" ind1=" " ind2=" ">
      <subfield code="c">SIUNPA</subfield>
    </datafield>
    <datafield tag="041" ind1=" " ind2=" ">
      <subfield code="a">spa</subfield>
    </datafield>
    <datafield tag="044" ind1=" " ind2=" ">
      <subfield code="a">AR</subfield>
    </datafield>
    <datafield tag="080" ind1=" " ind2=" ">
      <subfield code="a">159.9 G957m7</subfield>
    </datafield>
    <datafield tag="100" ind1=" " ind2=" ">
      <subfield code="a">Gullaume, Paul.</subfield>
    </datafield>
    <datafield tag="245" ind1=" " ind2=" ">
      <subfield code="a">Manual de psicología</subfield>
      <subfield code="c"> / Victoria, Marcos, pról. y supervisión de la versión castellana</subfield>
    </datafield>
    <datafield tag="250" ind1=" " ind2=" ">
      <subfield code="a">7a ed.</subfield>
    </datafield>
    <datafield tag="260" ind1=" " ind2=" ">
      <subfield code="a">Buenos Aires</subfield>
      <subfield code="b"> : Paidós</subfield>
      <subfield code="c"> , 1974</subfield>
    </datafield>
    <datafield tag="440" ind1=" " ind2=" ">
      <subfield code="a">Educación / Homo Sapiens</subfield>
      <subfield code="a">Educación / Homo Sapiens</subfield>
      <subfield code="a">Educación / Homo Sapiens</subfield>
      <subfield code="a">Serie Educación</subfield>
      <subfield code="a">Biblioteca de psicología general. Serie fundamental</subfield>
      <subfield code="v">v.1</subfield>
    </datafield>
    <datafield tag="490" ind1=" " ind2=" ">
      <subfield code="a">Educación / Homo Sapiens</subfield>
      <subfield code="a">Educación / Homo Sapiens</subfield>
      <subfield code="a">Educación / Homo Sapiens</subfield>
      <subfield code="a">Serie Educación</subfield>
      <subfield code="a">Biblioteca de psicología general. Serie fundamental</subfield>
      <subfield code="v">v.1</subfield>
    </datafield>
    <datafield tag="650" ind1=" " ind2=" ">
      <subfield code="a"> PSICOLOGIA</subfield>
    </datafield>
    <datafield tag="942" ind1=" " ind2=" ">
      <subfield code="c">BK</subfield>
    </datafield>
    <datafield tag="952" ind1=" " ind2=" ">
      <subfield code="a">BIB_RECT</subfield>
      <subfield code="b">BIB_UACO</subfield>
      <subfield code="d">2017-08-11</subfield>
      <subfield code="y">BK</subfield>
      <subfield code="p">02-48742</subfield>
      <subfield code="i">02-48742</subfield>
      <subfield code="g">170</subfield>
      <subfield code="o">159.9 G957m7</subfield>
      <subfield code="e">Don. Ramirez Blankenhort, Rosemarie</subfield>
      <subfield code="8">CG</subfield>
    </datafield>
  </record>