
  <record>
    <leader>01000aam  22002601a 4500</leader>
    <controlfield tag="001">YPZ100518</controlfield>
    <controlfield tag="003">YPZ</controlfield>
    <controlfield tag="005">201708171343340</controlfield>
    <controlfield tag="008">170817|###########||||||b||||||||||spa|d</controlfield>
    <datafield tag="020" ind1=" " ind2=" ">
      <subfield code="a">9789875383999</subfield>
    </datafield>
    <datafield tag="040" ind1=" " ind2=" ">
      <subfield code="c">SIUNPA</subfield>
    </datafield>
    <datafield tag="041" ind1=" " ind2=" ">
      <subfield code="a">spa</subfield>
    </datafield>
    <datafield tag="044" ind1=" " ind2=" ">
      <subfield code="a">AR</subfield>
    </datafield>
    <datafield tag="080" ind1=" " ind2=" ">
      <subfield code="a">378.4 C569f</subfield>
    </datafield>
    <datafield tag="100" ind1=" " ind2=" ">
      <subfield code="a">Cifuentes, Rosa María.</subfield>
    </datafield>
    <datafield tag="245" ind1=" " ind2=" ">
      <subfield code="a">Formulación de proyectos pedagógicos para mejorar la enseñanza universitaria</subfield>
      <subfield code="b"> : fundamentación - redacción - evaluación</subfield>
    </datafield>
    <datafield tag="250" ind1=" " ind2=" ">
      <subfield code="a">1a ed.</subfield>
    </datafield>
    <datafield tag="260" ind1=" " ind2=" ">
      <subfield code="a">Buenos Aires</subfield>
      <subfield code="b"> : Noveduc</subfield>
      <subfield code="c"> , 2014</subfield>
    </datafield>
    <datafield tag="440" ind1=" " ind2=" ">
      <subfield code="a">Colección Biblioteca didáctica. Matemática</subfield>
      <subfield code="a">Matemática. Recursos didácticos</subfield>
      <subfield code="a">Claves para todos</subfield>
      <subfield code="a">Ciencias Sociales. Recursos didácticos</subfield>
      <subfield code="a">Claves para todos</subfield>
      <subfield code="a">Claves para todos</subfield>
      <subfield code="a">Colección Universidad</subfield>
      <subfield code="v">6</subfield>
    </datafield>
    <datafield tag="490" ind1=" " ind2=" ">
      <subfield code="a">Colección Biblioteca didáctica. Matemática</subfield>
      <subfield code="a">Matemática. Recursos didácticos</subfield>
      <subfield code="a">Claves para todos</subfield>
      <subfield code="a">Ciencias Sociales. Recursos didácticos</subfield>
      <subfield code="a">Claves para todos</subfield>
      <subfield code="a">Claves para todos</subfield>
      <subfield code="a">Colección Universidad</subfield>
      <subfield code="v">6</subfield>
    </datafield>
    <datafield tag="650" ind1=" " ind2=" ">
      <subfield code="a"> UNIVERSIDAD</subfield>
    </datafield>
    <datafield tag="650" ind1=" " ind2=" ">
      <subfield code="a"> PROYECTOS PEDAGOGICOS</subfield>
    </datafield>
    <datafield tag="650" ind1=" " ind2=" ">
      <subfield code="a"> FORMACION DOCENTES</subfield>
    </datafield>
    <datafield tag="650" ind1=" " ind2=" ">
      <subfield code="a"> ENSEÑANZA UNIVERSITARIA</subfield>
    </datafield>
    <datafield tag="942" ind1=" " ind2=" ">
      <subfield code="c">BK</subfield>
    </datafield>
    <datafield tag="952" ind1=" " ind2=" ">
      <subfield code="a">BIB_RECT</subfield>
      <subfield code="b">BIB_UASJ</subfield>
      <subfield code="d">2017-08-17</subfield>
      <subfield code="y">BK</subfield>
      <subfield code="p">04-48349</subfield>
      <subfield code="i">04-48349</subfield>
      <subfield code="g">228</subfield>
      <subfield code="o">378.4 C569f</subfield>
      <subfield code="e">SIUNPA</subfield>
      <subfield code="8">CG</subfield>
    </datafield>
  </record>