
  <record>
    <leader>01000aam  22002601a 4500</leader>
    <controlfield tag="001">YPZ100549</controlfield>
    <controlfield tag="003">YPZ</controlfield>
    <controlfield tag="005">201708221140460</controlfield>
    <controlfield tag="008">170822|###########||||||b||||||||||spa|d</controlfield>
    <datafield tag="040" ind1=" " ind2=" ">
      <subfield code="c">SIUNPA</subfield>
    </datafield>
    <datafield tag="041" ind1=" " ind2=" ">
      <subfield code="a">spa</subfield>
    </datafield>
    <datafield tag="044" ind1=" " ind2=" ">
      <subfield code="a">AR</subfield>
    </datafield>
    <datafield tag="080" ind1=" " ind2=" ">
      <subfield code="a">004 J828a</subfield>
    </datafield>
    <datafield tag="110" ind1=" " ind2=" ">
      <subfield code="a">Jornadas Argentinas de Informática e Investigación Operativa (28 : 1999 : Buenos Aires).</subfield>
    </datafield>
    <datafield tag="710" ind1=" " ind2=" ">
      <subfield code="a">Technical Committe 6 Communication Systems de IFIP International Federation for Information Processing.</subfield>
    </datafield>
    <datafield tag="245" ind1=" " ind2=" ">
      <subfield code="a">Redes '99</subfield>
      <subfield code="b"> : simposio de redes, arquitecturas y sistemas distribuídos</subfield>
      <subfield code="c"> / Facultad de Ingenieria, UBA, org. ; Sociedad Argentina de Informática e Investigación Operativa, SADIO, org.</subfield>
    </datafield>
    <datafield tag="260" ind1=" " ind2=" ">
      <subfield code="a">Buenos Aires</subfield>
      <subfield code="b"> : SADIO</subfield>
      <subfield code="c"> , 1999</subfield>
    </datafield>
    <datafield tag="650" ind1=" " ind2=" ">
      <subfield code="a"> INFORMATICA</subfield>
    </datafield>
    <datafield tag="650" ind1=" " ind2=" ">
      <subfield code="a"> JAIIO/99 </subfield>
    </datafield>
    <datafield tag="650" ind1=" " ind2=" ">
      <subfield code="a"> REDES/99</subfield>
    </datafield>
    <datafield tag="650" ind1=" " ind2=" ">
      <subfield code="a"> ARQUITECTURA DE COMPUTADORAS</subfield>
    </datafield>
    <datafield tag="650" ind1=" " ind2=" ">
      <subfield code="a"> REDES INFORMATICAS</subfield>
    </datafield>
    <datafield tag="942" ind1=" " ind2=" ">
      <subfield code="c">BK</subfield>
    </datafield>
    <datafield tag="952" ind1=" " ind2=" ">
      <subfield code="a">BIB_RECT</subfield>
      <subfield code="b">BIB_UACO</subfield>
      <subfield code="d">2017-08-22</subfield>
      <subfield code="y">BK</subfield>
      <subfield code="p">02-02444</subfield>
      <subfield code="i">02-02444</subfield>
      <subfield code="g">350</subfield>
      <subfield code="o">004 J828a</subfield>
      <subfield code="e">JAIIO</subfield>
      <subfield code="8">CG</subfield>
    </datafield>
  </record>