
  <record>
    <leader>01000aam  22002601a 4500</leader>
    <controlfield tag="001">YPZ100552</controlfield>
    <controlfield tag="003">YPZ</controlfield>
    <controlfield tag="005">201708231016410</controlfield>
    <controlfield tag="008">170823|###########||||||b||||||||||spa|d</controlfield>
    <datafield tag="020" ind1=" " ind2=" ">
      <subfield code="a">9879969480</subfield>
    </datafield>
    <datafield tag="040" ind1=" " ind2=" ">
      <subfield code="c">SIUNPA</subfield>
    </datafield>
    <datafield tag="041" ind1=" " ind2=" ">
      <subfield code="a">spa</subfield>
    </datafield>
    <datafield tag="044" ind1=" " ind2=" ">
      <subfield code="a">AR</subfield>
    </datafield>
    <datafield tag="080" ind1=" " ind2=" ">
      <subfield code="a">51-7 N217m3</subfield>
    </datafield>
    <datafield tag="100" ind1=" " ind2=" ">
      <subfield code="a">Nappa, Ana María.</subfield>
    </datafield>
    <datafield tag="245" ind1=" " ind2=" ">
      <subfield code="a">Metodología de estudio y estrategias prácticas para matemática financiera</subfield>
      <subfield code="b"> : (3ra edición)</subfield>
      <subfield code="c"> / Apreda, Rodolfo, dir.</subfield>
    </datafield>
    <datafield tag="250" ind1=" " ind2=" ">
      <subfield code="a">3a ed.</subfield>
    </datafield>
    <datafield tag="260" ind1=" " ind2=" ">
      <subfield code="a">Buenos Aires</subfield>
      <subfield code="b"> : Departamento de Finanzas, Universidad Argentina de la Empresa, UADE</subfield>
      <subfield code="c"> , 1999</subfield>
    </datafield>
    <datafield tag="440" ind1=" " ind2=" ">
      <subfield code="a">Biblioteca didáctica</subfield>
      <subfield code="a">Claves para todos</subfield>
      <subfield code="a">Aique polimodal</subfield>
      <subfield code="a">Colección Biblioteca didáctica</subfield>
      <subfield code="a">Colección de estudios humanísticos. Sección sociedad y cultura</subfield>
      <subfield code="a">Colección Biblioteca didáctica</subfield>
      <subfield code="a">Biblioteca de Filosofía</subfield>
      <subfield code="a">Colección Biblioteca didáctica</subfield>
      <subfield code="a">Biblioteca filosófica</subfield>
      <subfield code="a">Colección Biblioteca didáctica</subfield>
      <subfield code="a">Manuales / Eudeba. Psicología</subfield>
      <subfield code="a">Cuadernos UADE</subfield>
      <subfield code="v">34</subfield>
    </datafield>
    <datafield tag="490" ind1=" " ind2=" ">
      <subfield code="a">Biblioteca didáctica</subfield>
      <subfield code="a">Claves para todos</subfield>
      <subfield code="a">Aique polimodal</subfield>
      <subfield code="a">Colección Biblioteca didáctica</subfield>
      <subfield code="a">Colección de estudios humanísticos. Sección sociedad y cultura</subfield>
      <subfield code="a">Colección Biblioteca didáctica</subfield>
      <subfield code="a">Biblioteca de Filosofía</subfield>
      <subfield code="a">Colección Biblioteca didáctica</subfield>
      <subfield code="a">Biblioteca filosófica</subfield>
      <subfield code="a">Colección Biblioteca didáctica</subfield>
      <subfield code="a">Manuales / Eudeba. Psicología</subfield>
      <subfield code="a">Cuadernos UADE</subfield>
      <subfield code="v">34</subfield>
    </datafield>
    <datafield tag="650" ind1=" " ind2=" ">
      <subfield code="a"> MATEMATICAS FINANCIERAS</subfield>
    </datafield>
    <datafield tag="650" ind1=" " ind2=" ">
      <subfield code="a"> ADMINISTRACION FINANCIERA</subfield>
    </datafield>
    <datafield tag="942" ind1=" " ind2=" ">
      <subfield code="c">BK</subfield>
    </datafield>
    <datafield tag="952" ind1=" " ind2=" ">
      <subfield code="a">BIB_RECT</subfield>
      <subfield code="b">BIB_UACO</subfield>
      <subfield code="d">2017-08-23</subfield>
      <subfield code="y">BK</subfield>
      <subfield code="p">02-02428</subfield>
      <subfield code="i">02-02428</subfield>
      <subfield code="g">390</subfield>
      <subfield code="o">51-7 N217m3</subfield>
      <subfield code="e">UADE</subfield>
      <subfield code="8">CG</subfield>
    </datafield>
  </record>