
  <record>
    <leader>01000aam  22002601a 4500</leader>
    <controlfield tag="001">YPZ100580</controlfield>
    <controlfield tag="003">YPZ</controlfield>
    <controlfield tag="005">201708250904030</controlfield>
    <controlfield tag="008">170825|###########||||||b||||||||||spa|d</controlfield>
    <datafield tag="020" ind1=" " ind2=" ">
      <subfield code="a">9500257939</subfield>
    </datafield>
    <datafield tag="040" ind1=" " ind2=" ">
      <subfield code="c">SIUNPA</subfield>
    </datafield>
    <datafield tag="041" ind1=" " ind2=" ">
      <subfield code="a">spa</subfield>
    </datafield>
    <datafield tag="044" ind1=" " ind2=" ">
      <subfield code="a">AR</subfield>
    </datafield>
    <datafield tag="080" ind1=" " ind2=" ">
      <subfield code="a">373.2 D394d6</subfield>
    </datafield>
    <datafield tag="100" ind1=" " ind2=" ">
      <subfield code="a">Denies, E. Cristina B. de.</subfield>
    </datafield>
    <datafield tag="245" ind1=" " ind2=" ">
      <subfield code="a">Didáctica del nivel inicial</subfield>
      <subfield code="b"> : teoría y práctica de la enseñanza</subfield>
    </datafield>
    <datafield tag="250" ind1=" " ind2=" ">
      <subfield code="a">6a ed.</subfield>
    </datafield>
    <datafield tag="260" ind1=" " ind2=" ">
      <subfield code="a">Buenos Aires</subfield>
      <subfield code="b"> : El Ateneo</subfield>
      <subfield code="c"> , 1997</subfield>
    </datafield>
    <datafield tag="650" ind1=" " ind2=" ">
      <subfield code="a"> TECNICAS DIDACTICAS</subfield>
    </datafield>
    <datafield tag="650" ind1=" " ind2=" ">
      <subfield code="a"> EDUCACION PREESCOLAR</subfield>
    </datafield>
    <datafield tag="942" ind1=" " ind2=" ">
      <subfield code="c">BK</subfield>
    </datafield>
    <datafield tag="952" ind1=" " ind2=" ">
      <subfield code="a">BIB_RECT</subfield>
      <subfield code="b">BIB_UACO</subfield>
      <subfield code="d">2017-08-18</subfield>
      <subfield code="y">BK</subfield>
      <subfield code="p">02-48780</subfield>
      <subfield code="i">02-48780</subfield>
      <subfield code="g">280</subfield>
      <subfield code="o">373.2 D394d6</subfield>
      <subfield code="e">Don. Prof. Coetzee, Yaqueline</subfield>
      <subfield code="8">CG</subfield>
    </datafield>
  </record>