
  <record>
    <leader>01000aam  22002601a 4500</leader>
    <controlfield tag="001">YPZ100595</controlfield>
    <controlfield tag="003">YPZ</controlfield>
    <controlfield tag="005">201708251300490</controlfield>
    <controlfield tag="008">170825|###########||||||b||||||||||spa|d</controlfield>
    <datafield tag="020" ind1=" " ind2=" ">
      <subfield code="a">8478443223</subfield>
    </datafield>
    <datafield tag="040" ind1=" " ind2=" ">
      <subfield code="c">SIUNPA</subfield>
    </datafield>
    <datafield tag="041" ind1=" " ind2=" ">
      <subfield code="a">spa</subfield>
    </datafield>
    <datafield tag="044" ind1=" " ind2=" ">
      <subfield code="a">ES</subfield>
    </datafield>
    <datafield tag="080" ind1=" " ind2=" ">
      <subfield code="a">101.1 G111m32</subfield>
    </datafield>
    <datafield tag="100" ind1=" " ind2=" ">
      <subfield code="a">Gaarder, Jostein.</subfield>
    </datafield>
    <datafield tag="245" ind1=" " ind2=" ">
      <subfield code="a">El mundo de Sofía</subfield>
      <subfield code="b"> : novela sobre la historia de la filosofía</subfield>
      <subfield code="c"> / Baggethun, Kirsti, tr. ; Lorenzo, Asunción, tr.</subfield>
    </datafield>
    <datafield tag="250" ind1=" " ind2=" ">
      <subfield code="a">32a ed. revisada</subfield>
    </datafield>
    <datafield tag="260" ind1=" " ind2=" ">
      <subfield code="a">Madrid</subfield>
      <subfield code="b"> : Siruela</subfield>
      <subfield code="c"> , 1998</subfield>
    </datafield>
    <datafield tag="440" ind1=" " ind2=" ">
      <subfield code="a">Las tres edades</subfield>
      <subfield code="v">35</subfield>
    </datafield>
    <datafield tag="490" ind1=" " ind2=" ">
      <subfield code="a">Las tres edades</subfield>
      <subfield code="v">35</subfield>
    </datafield>
    <datafield tag="650" ind1=" " ind2=" ">
      <subfield code="a"> FILOSOFIA</subfield>
    </datafield>
    <datafield tag="650" ind1=" " ind2=" ">
      <subfield code="a"> HISTORIA DE LA FILOSOFIA</subfield>
    </datafield>
    <datafield tag="650" ind1=" " ind2=" ">
      <subfield code="a"> NOVELA</subfield>
    </datafield>
    <datafield tag="942" ind1=" " ind2=" ">
      <subfield code="c">BK</subfield>
    </datafield>
    <datafield tag="952" ind1=" " ind2=" ">
      <subfield code="a">BIB_RECT</subfield>
      <subfield code="b">BIB_UACO</subfield>
      <subfield code="d">2017-07-31</subfield>
      <subfield code="y">BK</subfield>
      <subfield code="p">02-48707</subfield>
      <subfield code="i">02-48707</subfield>
      <subfield code="g">480</subfield>
      <subfield code="o">101.1 G111m32</subfield>
      <subfield code="e">Don. Prof. Coetzee, Yaqueline</subfield>
      <subfield code="8">CG</subfield>
    </datafield>
  </record>