
  <record>
    <leader>01000aam  22002601a 4500</leader>
    <controlfield tag="001">YPZ100605</controlfield>
    <controlfield tag="003">YPZ</controlfield>
    <controlfield tag="005">201708281139010</controlfield>
    <controlfield tag="008">170828|###########||||||b||||||||||spa|d</controlfield>
    <datafield tag="020" ind1=" " ind2=" ">
      <subfield code="a">9789508890245</subfield>
    </datafield>
    <datafield tag="040" ind1=" " ind2=" ">
      <subfield code="c">SIUNPA</subfield>
    </datafield>
    <datafield tag="041" ind1=" " ind2=" ">
      <subfield code="a">spa</subfield>
    </datafield>
    <datafield tag="044" ind1=" " ind2=" ">
      <subfield code="a">AR</subfield>
    </datafield>
    <datafield tag="080" ind1=" " ind2=" ">
      <subfield code="a">7.01 A644a</subfield>
    </datafield>
    <datafield tag="245" ind1=" " ind2=" ">
      <subfield code="a">Aportes a la estética desde el arte y la ciencia del siglo 20</subfield>
      <subfield code="c"> / Zátonyi, Marta, texto y comp.</subfield>
    </datafield>
    <datafield tag="250" ind1=" " ind2=" ">
      <subfield code="a">1a ed., 3a reimpr.</subfield>
    </datafield>
    <datafield tag="260" ind1=" " ind2=" ">
      <subfield code="b"> : La Marca</subfield>
      <subfield code="c"> , 2012</subfield>
    </datafield>
    <datafield tag="500" ind1=" " ind2=" ">
      <subfield code="a">En cub.: Adorno - Ando - Artaud - Barthes - Borges - Brecht - Brook - Camus - Chomsky - Dalí - Einstein - Eisenstein - Freud - Gropius - Hall - Huizinga - Kandinsky - Kundera - Lacan - Le Corbusier - Lévi-Strauss - Mishima - Pasolini - Pessoa - Prigogine - Rilke - Sartre - Tanizaki - Yourcenar - y otros</subfield>
    </datafield>
    <datafield tag="650" ind1=" " ind2=" ">
      <subfield code="a"> ESTETICA</subfield>
    </datafield>
    <datafield tag="650" ind1=" " ind2=" ">
      <subfield code="a"> SIGLO XX</subfield>
    </datafield>
    <datafield tag="942" ind1=" " ind2=" ">
      <subfield code="c">BK</subfield>
    </datafield>
    <datafield tag="952" ind1=" " ind2=" ">
      <subfield code="a">BIB_RECT</subfield>
      <subfield code="b">BIB_UARG</subfield>
      <subfield code="d">2017-08-28</subfield>
      <subfield code="y">BK</subfield>
      <subfield code="p">05-48816</subfield>
      <subfield code="i">05-48816</subfield>
      <subfield code="g">400</subfield>
      <subfield code="o">7.01 A644a</subfield>
      <subfield code="e">Enrici PI-29/A340-1</subfield>
      <subfield code="8">CG</subfield>
    </datafield>
  </record>