
  <record>
    <leader>01000aam  22002601a 4500</leader>
    <controlfield tag="001">YPZ100633</controlfield>
    <controlfield tag="003">YPZ</controlfield>
    <controlfield tag="005">201709051407430</controlfield>
    <controlfield tag="008">170905|###########||||||b||||||||||spa|d</controlfield>
    <datafield tag="020" ind1=" " ind2=" ">
      <subfield code="a">9789870720690</subfield>
    </datafield>
    <datafield tag="040" ind1=" " ind2=" ">
      <subfield code="c">SIUNPA</subfield>
    </datafield>
    <datafield tag="041" ind1=" " ind2=" ">
      <subfield code="a">spa</subfield>
    </datafield>
    <datafield tag="044" ind1=" " ind2=" ">
      <subfield code="a">AR</subfield>
    </datafield>
    <datafield tag="080" ind1=" " ind2=" ">
      <subfield code="a">316.344.32  E192e</subfield>
    </datafield>
    <datafield tag="100" ind1=" " ind2=" ">
      <subfield code="a">Eco, Umberto.</subfield>
    </datafield>
    <datafield tag="700" ind1=" " ind2=" ">
      <subfield code="a">Martini, Carlo María.</subfield>
    </datafield>
    <datafield tag="245" ind1=" " ind2=" ">
      <subfield code="a">¿En qué creen los que no creen?</subfield>
      <subfield code="b"> : un diálogo sobre la ética en el fin del mundo</subfield>
    </datafield>
    <datafield tag="260" ind1=" " ind2=" ">
      <subfield code="a">Buenos Aires</subfield>
      <subfield code="b"> : Arte Gráfico</subfield>
      <subfield code="c"> , 2012</subfield>
    </datafield>
    <datafield tag="440" ind1=" " ind2=" ">
      <subfield code="a">Colección salud comunitaria. Serie adultos mayores</subfield>
      <subfield code="a">Biblioteca argentina de Historia y política</subfield>
      <subfield code="a">Biblioteca de Historia</subfield>
      <subfield code="a">Historia y sociedad / Planeta</subfield>
      <subfield code="a">Colección Historia y Cultura</subfield>
      <subfield code="a">Memoria argentina</subfield>
      <subfield code="a">Pensamiento crítico</subfield>
      <subfield code="v">no.15</subfield>
    </datafield>
    <datafield tag="490" ind1=" " ind2=" ">
      <subfield code="a">Colección salud comunitaria. Serie adultos mayores</subfield>
      <subfield code="a">Biblioteca argentina de Historia y política</subfield>
      <subfield code="a">Biblioteca de Historia</subfield>
      <subfield code="a">Historia y sociedad / Planeta</subfield>
      <subfield code="a">Colección Historia y Cultura</subfield>
      <subfield code="a">Memoria argentina</subfield>
      <subfield code="a">Pensamiento crítico</subfield>
      <subfield code="v">no.15</subfield>
    </datafield>
    <datafield tag="650" ind1=" " ind2=" ">
      <subfield code="a"> INTELECTUALES</subfield>
    </datafield>
    <datafield tag="650" ind1=" " ind2=" ">
      <subfield code="a"> SOCIOLOGIA DE LA CULTURA</subfield>
    </datafield>
    <datafield tag="942" ind1=" " ind2=" ">
      <subfield code="c">BK</subfield>
    </datafield>
    <datafield tag="952" ind1=" " ind2=" ">
      <subfield code="a">BIB_RECT</subfield>
      <subfield code="b">BIB_UARG</subfield>
      <subfield code="d">2017-09-05</subfield>
      <subfield code="y">BK</subfield>
      <subfield code="p">05-48813</subfield>
      <subfield code="i">05-48813</subfield>
      <subfield code="g">129</subfield>
      <subfield code="o">316.344.32  E192e</subfield>
      <subfield code="e">Don. UACO</subfield>
      <subfield code="8">CG</subfield>
    </datafield>
  </record>