
  <record>
    <leader>01000aam  22002601a 4500</leader>
    <controlfield tag="001">YPZ100637</controlfield>
    <controlfield tag="003">YPZ</controlfield>
    <controlfield tag="005">201709071031290</controlfield>
    <controlfield tag="008">170907|###########||||||b||||||||||spa|d</controlfield>
    <datafield tag="040" ind1=" " ind2=" ">
      <subfield code="c">SIUNPA</subfield>
    </datafield>
    <datafield tag="041" ind1=" " ind2=" ">
      <subfield code="a">spa</subfield>
    </datafield>
    <datafield tag="044" ind1=" " ind2=" ">
      <subfield code="a">AR</subfield>
    </datafield>
    <datafield tag="080" ind1=" " ind2=" ">
      <subfield code="a">371.5.06 P179c</subfield>
    </datafield>
    <datafield tag="100" ind1=" " ind2=" ">
      <subfield code="a">Palmieri, Julia A..</subfield>
    </datafield>
    <datafield tag="245" ind1=" " ind2=" ">
      <subfield code="a">La convivencia y la mediación</subfield>
      <subfield code="b"> : método alternativo de resolución creativa y pacífica de conflictos</subfield>
    </datafield>
    <datafield tag="260" ind1=" " ind2=" ">
      <subfield code="a">Buenos Aires</subfield>
      <subfield code="b"> : [Espacio Abierto]</subfield>
      <subfield code="c"> , [2000]</subfield>
    </datafield>
    <datafield tag="500" ind1=" " ind2=" ">
      <subfield code="a">En portada: Segundo nivel</subfield>
    </datafield>
    <datafield tag="500" ind1=" " ind2=" ">
      <subfield code="a">La biblioteca posee módulo 1-4</subfield>
    </datafield>
    <datafield tag="505" ind1=" " ind2=" ">
      <subfield code="a">Contenido: mód.1. Elementos de la resolución y la mediación -- mód.2. Bases para una mediación efectiva -- mód.3. Conducción productiva de la mediación -- mód.4. Logros del arreglo</subfield>
    </datafield>
    <datafield tag="650" ind1=" " ind2=" ">
      <subfield code="a"> EDUCACION PARA LA CONVIVENCIA</subfield>
    </datafield>
    <datafield tag="650" ind1=" " ind2=" ">
      <subfield code="a"> ESTRATEGIAS EDUCACIONALES</subfield>
    </datafield>
    <datafield tag="942" ind1=" " ind2=" ">
      <subfield code="c">BK</subfield>
    </datafield>
    <datafield tag="952" ind1=" " ind2=" ">
      <subfield code="a">BIB_RECT</subfield>
      <subfield code="b">BIB_UACO</subfield>
      <subfield code="d">2017-09-07</subfield>
      <subfield code="y">BK</subfield>
      <subfield code="p">02-48841</subfield>
      <subfield code="i">02-48841</subfield>
      <subfield code="g">250</subfield>
      <subfield code="o">371.5.06 P179c</subfield>
      <subfield code="e">Don. Prof. Coetzee, Yaqueline</subfield>
      <subfield code="8">CG</subfield>
    </datafield>
    <datafield tag="952" ind1=" " ind2=" ">
      <subfield code="a">BIB_RECT</subfield>
      <subfield code="b">BIB_UACO</subfield>
      <subfield code="d">2017-09-07</subfield>
      <subfield code="y">BK</subfield>
      <subfield code="p">02-48842</subfield>
      <subfield code="i">02-48842</subfield>
      <subfield code="g">250</subfield>
      <subfield code="o">371.5.06 P179c</subfield>
      <subfield code="e">Don. Prof. Coetzee, Yaqueline</subfield>
      <subfield code="8">CG</subfield>
    </datafield>
    <datafield tag="952" ind1=" " ind2=" ">
      <subfield code="a">BIB_RECT</subfield>
      <subfield code="b">BIB_UACO</subfield>
      <subfield code="d">2017-09-07</subfield>
      <subfield code="y">BK</subfield>
      <subfield code="p">02-48843</subfield>
      <subfield code="i">02-48843</subfield>
      <subfield code="g">250</subfield>
      <subfield code="o">371.5.06 P179c</subfield>
      <subfield code="e">Don. Prof. Coetzee, Yaqueline</subfield>
      <subfield code="8">CG</subfield>
    </datafield>
    <datafield tag="952" ind1=" " ind2=" ">
      <subfield code="a">BIB_RECT</subfield>
      <subfield code="b">BIB_UACO</subfield>
      <subfield code="d">2017-09-07</subfield>
      <subfield code="y">BK</subfield>
      <subfield code="p">02-48844</subfield>
      <subfield code="i">02-48844</subfield>
      <subfield code="g">250</subfield>
      <subfield code="o">371.5.06 P179c</subfield>
      <subfield code="e">Don. Prof. Coetzee, Yaqueline</subfield>
      <subfield code="8">CG</subfield>
    </datafield>
  </record>