
  <record>
    <leader>01000aam  22002601a 4500</leader>
    <controlfield tag="001">YPZ100660</controlfield>
    <controlfield tag="003">YPZ</controlfield>
    <controlfield tag="005">201709181131280</controlfield>
    <controlfield tag="008">170918|###########||||||b||||||||||spa|d</controlfield>
    <datafield tag="020" ind1=" " ind2=" ">
      <subfield code="a">9789505531196</subfield>
    </datafield>
    <datafield tag="040" ind1=" " ind2=" ">
      <subfield code="c">SIUNPA</subfield>
    </datafield>
    <datafield tag="041" ind1=" " ind2=" ">
      <subfield code="a">spa</subfield>
    </datafield>
    <datafield tag="044" ind1=" " ind2=" ">
      <subfield code="a">AR</subfield>
    </datafield>
    <datafield tag="080" ind1=" " ind2=" ">
      <subfield code="a">624 C454c26</subfield>
    </datafield>
    <datafield tag="100" ind1=" " ind2=" ">
      <subfield code="a">Chandías, Mario E..</subfield>
    </datafield>
    <datafield tag="700" ind1=" " ind2=" ">
      <subfield code="a">Ramos, José Martín.</subfield>
    </datafield>
    <datafield tag="245" ind1=" " ind2=" ">
      <subfield code="a">Cómputos y presupuestos</subfield>
      <subfield code="b"> : manual para la construcción de edificios  con computación aplicada</subfield>
    </datafield>
    <datafield tag="250" ind1=" " ind2=" ">
      <subfield code="a">26a ed.</subfield>
    </datafield>
    <datafield tag="260" ind1=" " ind2=" ">
      <subfield code="a">Buenos Aires</subfield>
      <subfield code="b"> : Alsina</subfield>
      <subfield code="c"> , 2010</subfield>
    </datafield>
    <datafield tag="300" ind1=" " ind2=" ">
      <subfield code="a">465 p. : </subfield>
      <subfield code="b">il. ; </subfield>
      <subfield code="a">xv, 539 p. : </subfield>
      <subfield code="a">127 p. : </subfield>
      <subfield code="a">183 p. : </subfield>
      <subfield code="a">xx, 478 p. : </subfield>
      <subfield code="b">il. ; </subfield>
      <subfield code="a">174 p. : </subfield>
      <subfield code="a">147 p. : </subfield>
      <subfield code="b">il. ; </subfield>
      <subfield code="a">316 p. : </subfield>
      <subfield code="b">il. ; </subfield>
      <subfield code="a">76 p. : </subfield>
      <subfield code="a">166 p. : </subfield>
      <subfield code="b">il. ; </subfield>
      <subfield code="a">343 p. : </subfield>
      <subfield code="b">il. ; </subfield>
      <subfield code="a">332 p. : </subfield>
      <subfield code="b">il. ; </subfield>
      <subfield code="a">263 p. : </subfield>
      <subfield code="a">151 p. : </subfield>
      <subfield code="b">il. ; </subfield>
      <subfield code="a">306 p. : </subfield>
      <subfield code="b">il. ; </subfield>
      <subfield code="a">206 p. : </subfield>
      <subfield code="b">il. ; </subfield>
      <subfield code="a">xxvi, 573 p. : </subfield>
      <subfield code="b">il. ; </subfield>
      <subfield code="a">81 p. : </subfield>
      <subfield code="a">270 p. : </subfield>
      <subfield code="a">2 v. : </subfield>
      <subfield code="a">2 v. : </subfield>
      <subfield code="c">El año de reimpresión varía según el ejemplar + </subfield>
      <subfield code="a">xv, 361 p. : </subfield>
      <subfield code="b">il. ; </subfield>
      <subfield code="a">247 p. : </subfield>
      <subfield code="b">il. ; </subfield>
      <subfield code="a">129 p. : </subfield>
      <subfield code="b">il. ; </subfield>
      <subfield code="a">164 p. : </subfield>
      <subfield code="a">182 p. : </subfield>
      <subfield code="b">il. ; </subfield>
      <subfield code="a">97 p. : </subfield>
      <subfield code="a">109 p. : </subfield>
      <subfield code="b">il. ; </subfield>
      <subfield code="a">359 p. : </subfield>
      <subfield code="b">il. ; </subfield>
      <subfield code="a">142 p. : </subfield>
      <subfield code="b">il. ; </subfield>
      <subfield code="a">142 p. : </subfield>
      <subfield code="b">il. ; </subfield>
      <subfield code="a">240 p. : </subfield>
      <subfield code="a">127 p. : </subfield>
      <subfield code="a">84 p. : </subfield>
      <subfield code="b">il. ; </subfield>
      <subfield code="a">111 p. : </subfield>
      <subfield code="a">121 p. : </subfield>
      <subfield code="a">155 p. : </subfield>
      <subfield code="b">il. ; </subfield>
      <subfield code="a">111 p. : </subfield>
      <subfield code="a">95 p. : </subfield>
      <subfield code="a">104 p. : </subfield>
      <subfield code="b">il. ; </subfield>
      <subfield code="a">t. : </subfield>
      <subfield code="a">t. : </subfield>
      <subfield code="a">172 p. : </subfield>
      <subfield code="b">il. ; </subfield>
      <subfield code="a">94 p. : </subfield>
      <subfield code="b">il. ; </subfield>
      <subfield code="a">224 p. : </subfield>
      <subfield code="b">il. ; </subfield>
      <subfield code="a">355 p. : </subfield>
      <subfield code="b">il. ; </subfield>
      <subfield code="a">111 p. : </subfield>
      <subfield code="b">il. ; </subfield>
      <subfield code="a">xvi, 393 p. : </subfield>
      <subfield code="b">il. ; </subfield>
      <subfield code="a">95 p. : </subfield>
      <subfield code="b">il. ; </subfield>
      <subfield code="a">150 p. : </subfield>
      <subfield code="b">il. ; </subfield>
      <subfield code="a">v. : </subfield>
      <subfield code="a">255 p. : </subfield>
      <subfield code="b">il. ; </subfield>
      <subfield code="a">117 p. : </subfield>
      <subfield code="a">224 p. : </subfield>
      <subfield code="b">il. ; </subfield>
      <subfield code="a">153 p. : </subfield>
      <subfield code="b">il. ; </subfield>
      <subfield code="a">2 t. : </subfield>
      <subfield code="b">il. ; </subfield>
      <subfield code="a">246 p. : </subfield>
      <subfield code="b">il. ; </subfield>
      <subfield code="a">172 p. : </subfield>
      <subfield code="a">176 p. : </subfield>
      <subfield code="b">il. ; </subfield>
      <subfield code="a">v. : </subfield>
      <subfield code="a">187 p. : </subfield>
      <subfield code="b">il. ; </subfield>
      <subfield code="a">150 p. : </subfield>
      <subfield code="b">il. ; </subfield>
      <subfield code="a">109 p. : </subfield>
      <subfield code="a">2 v. : </subfield>
      <subfield code="a">555 p. : </subfield>
      <subfield code="b">il. ; </subfield>
      <subfield code="a">264 p. : </subfield>
      <subfield code="b">il. ; </subfield>
      <subfield code="a">v. : </subfield>
      <subfield code="b">il. ; </subfield>
      <subfield code="a">152 p. : </subfield>
      <subfield code="b">il. ; </subfield>
      <subfield code="a">xvii, 365 p. : </subfield>
      <subfield code="b">il. ; </subfield>
      <subfield code="a">xx 330 p. : </subfield>
      <subfield code="a">158 p. : </subfield>
      <subfield code="b">il. ; </subfield>
      <subfield code="a">146 p. : </subfield>
      <subfield code="b">il. ; </subfield>
      <subfield code="a">108 p. : </subfield>
      <subfield code="b">il. ; </subfield>
      <subfield code="a">243 p. : </subfield>
      <subfield code="a">243 p : </subfield>
      <subfield code="b">il. ; </subfield>
      <subfield code="a">326 p. : </subfield>
      <subfield code="b">il. ; </subfield>
      <subfield code="a">3 t. : </subfield>
      <subfield code="b">il. ; </subfield>
      <subfield code="a">v. : </subfield>
      <subfield code="b">il. ; </subfield>
      <subfield code="a">360 p. : </subfield>
      <subfield code="a">v. : </subfield>
      <subfield code="a">xxxiii, 618 p. : </subfield>
      <subfield code="a">315 p. : </subfield>
      <subfield code="a">165 p. : </subfield>
      <subfield code="a">184 p. : </subfield>
      <subfield code="a">306 p. : </subfield>
      <subfield code="b">il. ; </subfield>
      <subfield code="a">316 p. : </subfield>
      <subfield code="a">t. : </subfield>
      <subfield code="a">xiv, 156  p. : </subfield>
      <subfield code="b">il. ; </subfield>
      <subfield code="a">147 p. : </subfield>
      <subfield code="a">61 p. : </subfield>
      <subfield code="a">68 p. : </subfield>
      <subfield code="a">141 p. : </subfield>
      <subfield code="a">v. : </subfield>
      <subfield code="a">v. : </subfield>
      <subfield code="a">125 p. : </subfield>
      <subfield code="a">103 p. : </subfield>
      <subfield code="a">202 p. : </subfield>
      <subfield code="a">xviii, 165 p. : </subfield>
      <subfield code="b">il. ; </subfield>
      <subfield code="a">81 p. : </subfield>
      <subfield code="b">fot. ; </subfield>
      <subfield code="a">150 p. : </subfield>
      <subfield code="a">154 p. : </subfield>
      <subfield code="b">il. ; </subfield>
      <subfield code="a">51 p. : </subfield>
      <subfield code="b">il. ; </subfield>
      <subfield code="a">117 p. : </subfield>
      <subfield code="a">268 p. : </subfield>
      <subfield code="b">fot. ; </subfield>
      <subfield code="a">179 p. : </subfield>
      <subfield code="b">il. ; </subfield>
      <subfield code="a">152 p. : </subfield>
      <subfield code="a">xi, 168 p. : </subfield>
      <subfield code="a">60 p. : </subfield>
      <subfield code="a">v. : </subfield>
      <subfield code="a">347 p. : </subfield>
      <subfield code="b">il. ; </subfield>
      <subfield code="a">52 p. : </subfield>
      <subfield code="a">x, 638 p. : </subfield>
      <subfield code="a">225 p. : </subfield>
      <subfield code="b">il. ; </subfield>
      <subfield code="a">189 p. : </subfield>
      <subfield code="a">195 p. : </subfield>
      <subfield code="a">180 p. : </subfield>
      <subfield code="a">237 p. : </subfield>
      <subfield code="a">293 p. : </subfield>
      <subfield code="b">il. ; </subfield>
      <subfield code="a">158 p. : </subfield>
      <subfield code="a">251 p. : </subfield>
      <subfield code="b">il. ; </subfield>
      <subfield code="a">301 p. : </subfield>
      <subfield code="b">il. ; </subfield>
      <subfield code="a">282 p. : </subfield>
      <subfield code="a">233 p. : </subfield>
      <subfield code="b">il. ; </subfield>
      <subfield code="a">291 p. : </subfield>
      <subfield code="b">il. ; </subfield>
      <subfield code="a">540 p. : </subfield>
      <subfield code="a">520 p. : </subfield>
      <subfield code="b">il. ; </subfield>
      <subfield code="a">162 p. : </subfield>
      <subfield code="a">128 p. : </subfield>
      <subfield code="b">il. ; </subfield>
      <subfield code="a">245 p. : </subfield>
      <subfield code="b">il. ; </subfield>
      <subfield code="a">255 p. : </subfield>
      <subfield code="b">il. ; </subfield>
      <subfield code="a">140 p. : </subfield>
      <subfield code="a">71 p. : </subfield>
      <subfield code="b">il. ; </subfield>
      <subfield code="a">136 p. : </subfield>
      <subfield code="b">il. ; </subfield>
      <subfield code="a">95 p. : </subfield>
      <subfield code="b">il. ; </subfield>
      <subfield code="a">t. : </subfield>
      <subfield code="a">137 p. : </subfield>
      <subfield code="b">il. ; </subfield>
      <subfield code="a">312 p. : </subfield>
      <subfield code="b">il. ; </subfield>
      <subfield code="a">61 p. : </subfield>
      <subfield code="b">il. ; </subfield>
      <subfield code="a">151 p. : </subfield>
      <subfield code="b">il. ; </subfield>
      <subfield code="a">5 v. : </subfield>
      <subfield code="a">135 p. : </subfield>
      <subfield code="a">258 p. : </subfield>
      <subfield code="b">il. ; </subfield>
      <subfield code="a">331 p. : </subfield>
      <subfield code="a">217 p. : </subfield>
      <subfield code="a">430 p. : </subfield>
      <subfield code="a">251 p. : </subfield>
      <subfield code="a">290 p. : </subfield>
      <subfield code="b">il. ; </subfield>
      <subfield code="a">319 p. : </subfield>
      <subfield code="b">il. ; </subfield>
      <subfield code="a">250 p. : </subfield>
      <subfield code="a">144 p. : </subfield>
      <subfield code="a">277 p. : </subfield>
      <subfield code="b">il. ; </subfield>
      <subfield code="a">422 p., 8 h. plegs. de láms. : </subfield>
      <subfield code="b">il. ; </subfield>
      <subfield code="a">4 mód. : </subfield>
      <subfield code="b">il. ; </subfield>
      <subfield code="a">4 mód. : </subfield>
      <subfield code="b">il. ; </subfield>
      <subfield code="a">v. : </subfield>
      <subfield code="b">il. ; </subfield>
      <subfield code="a">109 p. : </subfield>
      <subfield code="a">518 p. : </subfield>
      <subfield code="b">il. ; </subfield>
      <subfield code="a">358 p. : </subfield>
      <subfield code="a">565 p. : </subfield>
      <subfield code="a">283 p. : </subfield>
      <subfield code="a">xiv, 448 p. : </subfield>
      <subfield code="b">il. ; </subfield>
      <subfield code="e">1 CD-ROM en bolsillo</subfield>
    </datafield>
    <datafield tag="650" ind1=" " ind2=" ">
      <subfield code="a"> INGENIERIA CIVIL</subfield>
    </datafield>
    <datafield tag="650" ind1=" " ind2=" ">
      <subfield code="a"> PRESUPUESTOS</subfield>
    </datafield>
    <datafield tag="650" ind1=" " ind2=" ">
      <subfield code="a"> ANALISIS DE PRECIOS</subfield>
    </datafield>
    <datafield tag="650" ind1=" " ind2=" ">
      <subfield code="a"> ANALISIS DE COSTOS </subfield>
    </datafield>
    <datafield tag="650" ind1=" " ind2=" ">
      <subfield code="a"> MOVIMIENTO DE TIERRAS</subfield>
    </datafield>
    <datafield tag="650" ind1=" " ind2=" ">
      <subfield code="a"> CARPINTERIA 	</subfield>
    </datafield>
    <datafield tag="650" ind1=" " ind2=" ">
      <subfield code="a"> HORMIGONES</subfield>
    </datafield>
    <datafield tag="942" ind1=" " ind2=" ">
      <subfield code="c">BK</subfield>
    </datafield>
    <datafield tag="952" ind1=" " ind2=" ">
      <subfield code="a">BIB_RECT</subfield>
      <subfield code="b">BIB_UARG</subfield>
      <subfield code="d">2017-09-18</subfield>
      <subfield code="y">BK</subfield>
      <subfield code="p">05-48883</subfield>
      <subfield code="i">05-48883</subfield>
      <subfield code="g">450</subfield>
      <subfield code="o">624 C454c26</subfield>
      <subfield code="e">Chamorro, Pedro Daniel</subfield>
      <subfield code="8">CG</subfield>
    </datafield>
  </record>