
  <record>
    <leader>01000aam  22002601a 4500</leader>
    <controlfield tag="001">YPZ100677</controlfield>
    <controlfield tag="003">YPZ</controlfield>
    <controlfield tag="005">201709250828450</controlfield>
    <controlfield tag="008">170925|###########||||||b||||||||||spa|d</controlfield>
    <datafield tag="020" ind1=" " ind2=" ">
      <subfield code="a">9789872266585</subfield>
    </datafield>
    <datafield tag="040" ind1=" " ind2=" ">
      <subfield code="c">SIUNPA</subfield>
    </datafield>
    <datafield tag="041" ind1=" " ind2=" ">
      <subfield code="a">spa</subfield>
    </datafield>
    <datafield tag="044" ind1=" " ind2=" ">
      <subfield code="a">AR</subfield>
    </datafield>
    <datafield tag="080" ind1=" " ind2=" ">
      <subfield code="a">573 S796b</subfield>
    </datafield>
    <datafield tag="100" ind1=" " ind2=" ">
      <subfield code="a">Starr, Cecie.</subfield>
    </datafield>
    <datafield tag="700" ind1=" " ind2=" ">
      <subfield code="a">Taggart, Ralph.</subfield>
    </datafield>
    <datafield tag="245" ind1=" " ind2=" ">
      <subfield code="a">Biología</subfield>
      <subfield code="b"> : de la unidad a la diversidad de la vida</subfield>
      <subfield code="c"> / Blaustein, Silvia, adaptación ; Starr, Lisa, il.</subfield>
    </datafield>
    <datafield tag="250" ind1=" " ind2=" ">
      <subfield code="a">1a ed., 1a reimpr.</subfield>
    </datafield>
    <datafield tag="260" ind1=" " ind2=" ">
      <subfield code="a">Buenos Aires</subfield>
      <subfield code="b"> : Thomson</subfield>
      <subfield code="c"> , 2007</subfield>
    </datafield>
    <datafield tag="650" ind1=" " ind2=" ">
      <subfield code="a"> BIOLOGIA</subfield>
    </datafield>
    <datafield tag="942" ind1=" " ind2=" ">
      <subfield code="c">BK</subfield>
    </datafield>
    <datafield tag="952" ind1=" " ind2=" ">
      <subfield code="a">BIB_RECT</subfield>
      <subfield code="b">BIB_UARG</subfield>
      <subfield code="d">2017-09-25</subfield>
      <subfield code="y">BK</subfield>
      <subfield code="p">05-48921</subfield>
      <subfield code="i">05-48921</subfield>
      <subfield code="g">1780</subfield>
      <subfield code="o">573 S796b</subfield>
      <subfield code="e">Compra SIUNPA/17</subfield>
      <subfield code="8">CG</subfield>
    </datafield>
    <datafield tag="952" ind1=" " ind2=" ">
      <subfield code="a">BIB_RECT</subfield>
      <subfield code="b">BIB_UARG</subfield>
      <subfield code="d">2017-09-25</subfield>
      <subfield code="y">BK</subfield>
      <subfield code="p">05-48922</subfield>
      <subfield code="i">05-48922</subfield>
      <subfield code="g">1780</subfield>
      <subfield code="o">573 S796b</subfield>
      <subfield code="e">Compra SIUNPA/17</subfield>
      <subfield code="8">CG</subfield>
    </datafield>
  </record>