
  <record>
    <leader>01000aam  22002601a 4500</leader>
    <controlfield tag="001">YPZ100702</controlfield>
    <controlfield tag="003">YPZ</controlfield>
    <controlfield tag="005">201709291401080</controlfield>
    <controlfield tag="008">170929|###########||||||b||||||||||spa|d</controlfield>
    <datafield tag="020" ind1=" " ind2=" ">
      <subfield code="a">9789501295146</subfield>
    </datafield>
    <datafield tag="040" ind1=" " ind2=" ">
      <subfield code="c">SIUNPA</subfield>
    </datafield>
    <datafield tag="041" ind1=" " ind2=" ">
      <subfield code="a">spa</subfield>
    </datafield>
    <datafield tag="044" ind1=" " ind2=" ">
      <subfield code="a">AR</subfield>
    </datafield>
    <datafield tag="080" ind1=" " ind2=" ">
      <subfield code="a">343.436 Z99c</subfield>
    </datafield>
    <datafield tag="100" ind1=" " ind2=" ">
      <subfield code="a">Zysman, María.</subfield>
    </datafield>
    <datafield tag="245" ind1=" " ind2=" ">
      <subfield code="a">Ciberbullying</subfield>
      <subfield code="b"> : cuando el maltrato viaja en las redes</subfield>
    </datafield>
    <datafield tag="250" ind1=" " ind2=" ">
      <subfield code="a">1a ed.</subfield>
    </datafield>
    <datafield tag="260" ind1=" " ind2=" ">
      <subfield code="a">Buenos Aires</subfield>
      <subfield code="b"> : Paidós</subfield>
      <subfield code="c"> , 2017</subfield>
    </datafield>
    <datafield tag="440" ind1=" " ind2=" ">
      <subfield code="a">Colección Biblioteca didáctica</subfield>
      <subfield code="a">Investigaciones y ensayos / Biblos</subfield>
      <subfield code="a">Investigaciones y ensayos / Biblos</subfield>
      <subfield code="a">Pedagogía / Novedades Educativas</subfield>
      <subfield code="a">Lectura y escritura / Novedades Educativas</subfield>
      <subfield code="a">Lectura y escritura / Novedades Educativas</subfield>
      <subfield code="a">Biblioteca fundamental de la educación. Pensar y hacer la educación</subfield>
      <subfield code="a">Consultorio Paidós</subfield>
      <subfield code="v">48</subfield>
    </datafield>
    <datafield tag="490" ind1=" " ind2=" ">
      <subfield code="a">Colección Biblioteca didáctica</subfield>
      <subfield code="a">Investigaciones y ensayos / Biblos</subfield>
      <subfield code="a">Investigaciones y ensayos / Biblos</subfield>
      <subfield code="a">Pedagogía / Novedades Educativas</subfield>
      <subfield code="a">Lectura y escritura / Novedades Educativas</subfield>
      <subfield code="a">Lectura y escritura / Novedades Educativas</subfield>
      <subfield code="a">Biblioteca fundamental de la educación. Pensar y hacer la educación</subfield>
      <subfield code="a">Consultorio Paidós</subfield>
      <subfield code="v">48</subfield>
    </datafield>
    <datafield tag="650" ind1=" " ind2=" ">
      <subfield code="a"> ACOSO PSICOLOGICO  HOSTIGAMIENTO SEXUAL</subfield>
    </datafield>
    <datafield tag="650" ind1=" " ind2=" ">
      <subfield code="a"> AUTOAYUDA </subfield>
    </datafield>
    <datafield tag="650" ind1=" " ind2=" ">
      <subfield code="a"> REDES SOCIALES</subfield>
    </datafield>
    <datafield tag="650" ind1=" " ind2=" ">
      <subfield code="a"> BULLYING</subfield>
    </datafield>
    <datafield tag="942" ind1=" " ind2=" ">
      <subfield code="c">BK</subfield>
    </datafield>
    <datafield tag="952" ind1=" " ind2=" ">
      <subfield code="a">BIB_RECT</subfield>
      <subfield code="b">BIB_UASJ</subfield>
      <subfield code="d">2017-09-29</subfield>
      <subfield code="y">BK</subfield>
      <subfield code="p">04-48956</subfield>
      <subfield code="i">04-48956</subfield>
      <subfield code="g">217</subfield>
      <subfield code="o">343.436 Z99c</subfield>
      <subfield code="e">Compra SIUNPA/17</subfield>
      <subfield code="8">CG</subfield>
    </datafield>
  </record>