
  <record>
    <leader>01000aam  22002601a 4500</leader>
    <controlfield tag="001">YPZ100718</controlfield>
    <controlfield tag="003">YPZ</controlfield>
    <controlfield tag="005">201710031414000</controlfield>
    <controlfield tag="008">171003|###########||||||b||||||||||spa|d</controlfield>
    <datafield tag="020" ind1=" " ind2=" ">
      <subfield code="a">9789504643067</subfield>
    </datafield>
    <datafield tag="040" ind1=" " ind2=" ">
      <subfield code="c">SIUNPA</subfield>
    </datafield>
    <datafield tag="041" ind1=" " ind2=" ">
      <subfield code="a">spa</subfield>
    </datafield>
    <datafield tag="044" ind1=" " ind2=" ">
      <subfield code="a">AR</subfield>
    </datafield>
    <datafield tag="080" ind1=" " ind2=" ">
      <subfield code="a">821.134.2(82) D491m</subfield>
    </datafield>
    <datafield tag="100" ind1=" " ind2=" ">
      <subfield code="a">Devetach, Laura.</subfield>
    </datafield>
    <datafield tag="245" ind1=" " ind2=" ">
      <subfield code="a">Monigote en la arena</subfield>
      <subfield code="c"> / Arroyo, Eleonora, il.</subfield>
    </datafield>
    <datafield tag="250" ind1=" " ind2=" ">
      <subfield code="a">1a ed.</subfield>
    </datafield>
    <datafield tag="260" ind1=" " ind2=" ">
      <subfield code="a">Buenos Aires</subfield>
      <subfield code="b"> : Santillana</subfield>
      <subfield code="c"> , 2015</subfield>
    </datafield>
    <datafield tag="440" ind1=" " ind2=" ">
      <subfield code="a">Colección pedagogía y didáctica</subfield>
      <subfield code="a">Recursos didácticos</subfield>
      <subfield code="a">Ciencia que ladra... Serie Mayor</subfield>
      <subfield code="a">Ciencia que ladra... Serie Mayor</subfield>
      <subfield code="a">Paidós voces de la educación</subfield>
      <subfield code="a">Voces de la educación</subfield>
      <subfield code="a">Colección vaquita de San Antonio</subfield>
      <subfield code="a">Serie amarilla</subfield>
      <subfield code="v">+6</subfield>
    </datafield>
    <datafield tag="490" ind1=" " ind2=" ">
      <subfield code="a">Colección pedagogía y didáctica</subfield>
      <subfield code="a">Recursos didácticos</subfield>
      <subfield code="a">Ciencia que ladra... Serie Mayor</subfield>
      <subfield code="a">Ciencia que ladra... Serie Mayor</subfield>
      <subfield code="a">Paidós voces de la educación</subfield>
      <subfield code="a">Voces de la educación</subfield>
      <subfield code="a">Colección vaquita de San Antonio</subfield>
      <subfield code="a">Serie amarilla</subfield>
      <subfield code="v">+6</subfield>
    </datafield>
    <datafield tag="650" ind1=" " ind2=" ">
      <subfield code="a"> LITERATURA ARGENTINA</subfield>
    </datafield>
    <datafield tag="650" ind1=" " ind2=" ">
      <subfield code="a"> LITERATURA INFANTIL</subfield>
    </datafield>
    <datafield tag="650" ind1=" " ind2=" ">
      <subfield code="a"> CUENTO</subfield>
    </datafield>
    <datafield tag="942" ind1=" " ind2=" ">
      <subfield code="c">BK</subfield>
    </datafield>
    <datafield tag="952" ind1=" " ind2=" ">
      <subfield code="a">BIB_RECT</subfield>
      <subfield code="b">BIB_UART</subfield>
      <subfield code="d">2017-10-03</subfield>
      <subfield code="y">BK</subfield>
      <subfield code="p">03-48978</subfield>
      <subfield code="i">03-48978</subfield>
      <subfield code="g">138</subfield>
      <subfield code="o">821.134.2(82) D491m</subfield>
      <subfield code="e">Compra SIUNPA/17</subfield>
      <subfield code="8">CG</subfield>
    </datafield>
  </record>