
  <record>
    <leader>01000aam  22002601a 4500</leader>
    <controlfield tag="001">YPZ100721</controlfield>
    <controlfield tag="003">YPZ</controlfield>
    <controlfield tag="005">201710040950120</controlfield>
    <controlfield tag="008">171004|###########||||||b||||||||||spa|d</controlfield>
    <datafield tag="020" ind1=" " ind2=" ">
      <subfield code="a">9789504647003</subfield>
    </datafield>
    <datafield tag="040" ind1=" " ind2=" ">
      <subfield code="c">SIUNPA</subfield>
    </datafield>
    <datafield tag="041" ind1=" " ind2=" ">
      <subfield code="a">spa</subfield>
    </datafield>
    <datafield tag="044" ind1=" " ind2=" ">
      <subfield code="a">AR</subfield>
    </datafield>
    <datafield tag="080" ind1=" " ind2=" ">
      <subfield code="a">821.134.2(82) B736l</subfield>
    </datafield>
    <datafield tag="100" ind1=" " ind2=" ">
      <subfield code="a">Bornemann, Elsa Isabel.</subfield>
    </datafield>
    <datafield tag="245" ind1=" " ind2=" ">
      <subfield code="a">El libro de los chicos enamorados</subfield>
      <subfield code="c"> / Socolovsky, Paula, il.</subfield>
    </datafield>
    <datafield tag="250" ind1=" " ind2=" ">
      <subfield code="a">1a ed.</subfield>
    </datafield>
    <datafield tag="260" ind1=" " ind2=" ">
      <subfield code="a">Buenos Aires</subfield>
      <subfield code="b"> : Santillana</subfield>
      <subfield code="c"> , 2017</subfield>
    </datafield>
    <datafield tag="440" ind1=" " ind2=" ">
      <subfield code="a">Serie naranja</subfield>
      <subfield code="v">+10</subfield>
    </datafield>
    <datafield tag="490" ind1=" " ind2=" ">
      <subfield code="a">Serie naranja</subfield>
      <subfield code="v">+10</subfield>
    </datafield>
    <datafield tag="650" ind1=" " ind2=" ">
      <subfield code="a"> LITERATURA ARGENTINA</subfield>
    </datafield>
    <datafield tag="650" ind1=" " ind2=" ">
      <subfield code="a"> LITERATURA INFANTIL</subfield>
    </datafield>
    <datafield tag="650" ind1=" " ind2=" ">
      <subfield code="a"> POESIA</subfield>
    </datafield>
    <datafield tag="942" ind1=" " ind2=" ">
      <subfield code="c">BK</subfield>
    </datafield>
    <datafield tag="952" ind1=" " ind2=" ">
      <subfield code="a">BIB_RECT</subfield>
      <subfield code="b">BIB_UART</subfield>
      <subfield code="d">2017-10-04</subfield>
      <subfield code="y">BK</subfield>
      <subfield code="p">03-48971</subfield>
      <subfield code="i">03-48971</subfield>
      <subfield code="g">157</subfield>
      <subfield code="o">821.134.2(82) B736l</subfield>
      <subfield code="e">Compra SIUNPA/17</subfield>
      <subfield code="8">CG</subfield>
    </datafield>
  </record>