
  <record>
    <leader>01000aam  22002601a 4500</leader>
    <controlfield tag="001">YPZ100724</controlfield>
    <controlfield tag="003">YPZ</controlfield>
    <controlfield tag="005">201710041327310</controlfield>
    <controlfield tag="008">171004|###########||||||b||||||||||spa|d</controlfield>
    <datafield tag="020" ind1=" " ind2=" ">
      <subfield code="a">9701511328</subfield>
    </datafield>
    <datafield tag="040" ind1=" " ind2=" ">
      <subfield code="c">SIUNPA</subfield>
    </datafield>
    <datafield tag="041" ind1=" " ind2=" ">
      <subfield code="a">spa</subfield>
    </datafield>
    <datafield tag="044" ind1=" " ind2=" ">
      <subfield code="a">MX</subfield>
    </datafield>
    <datafield tag="080" ind1=" " ind2=" ">
      <subfield code="a">004.65 V718a</subfield>
    </datafield>
    <datafield tag="100" ind1=" " ind2=" ">
      <subfield code="a">Villapecellín Cid, Manuel María.</subfield>
    </datafield>
    <datafield tag="245" ind1=" " ind2=" ">
      <subfield code="a">Arquitectura de red multicapa</subfield>
      <subfield code="b"> : conexión de bases de datos</subfield>
      <subfield code="c"> / Raya Cabrera,  José Luis, coord.</subfield>
    </datafield>
    <datafield tag="250" ind1=" " ind2=" ">
      <subfield code="a">1a ed.</subfield>
    </datafield>
    <datafield tag="260" ind1=" " ind2=" ">
      <subfield code="a">México, D.F.</subfield>
      <subfield code="b"> : Alfaomega</subfield>
      <subfield code="c"> , 2005</subfield>
    </datafield>
    <datafield tag="300" ind1=" " ind2=" ">
      <subfield code="a">217 p. : </subfield>
      <subfield code="a">436 p. : </subfield>
      <subfield code="a">213 : </subfield>
      <subfield code="a">153 p. : </subfield>
      <subfield code="a">150 p. : </subfield>
      <subfield code="b">il. ; </subfield>
      <subfield code="a">196 p. : </subfield>
      <subfield code="a">349 p. : </subfield>
      <subfield code="a">421 p. : </subfield>
      <subfield code="b">il. ; </subfield>
      <subfield code="a">251 p. : </subfield>
      <subfield code="b">il. ; </subfield>
      <subfield code="a">268 p. : </subfield>
      <subfield code="b">il. ; </subfield>
      <subfield code="a">276 p. : </subfield>
      <subfield code="b">il. ; </subfield>
      <subfield code="a">387 p. : </subfield>
      <subfield code="a">xxx, 1367 p. : </subfield>
      <subfield code="b">il. ; </subfield>
      <subfield code="a">xxxii, 600 p. : </subfield>
      <subfield code="b">il. ; </subfield>
      <subfield code="a">xv, 832 p. : </subfield>
      <subfield code="b">il. ; </subfield>
      <subfield code="a">494 p. : </subfield>
      <subfield code="b">il. ; </subfield>
      <subfield code="a">xi, 358 p. : </subfield>
      <subfield code="b">il. ; </subfield>
      <subfield code="a">318 p. : </subfield>
      <subfield code="a">xii, 666 p. : </subfield>
      <subfield code="b">il. ; </subfield>
      <subfield code="a">xii, 531 p. : </subfield>
      <subfield code="b">il. ; </subfield>
      <subfield code="a">t. : </subfield>
      <subfield code="b">il. ; </subfield>
      <subfield code="a">206 p. : </subfield>
      <subfield code="a">30 p. : </subfield>
      <subfield code="a">xiii, 256 p. : </subfield>
      <subfield code="b">il. ; </subfield>
      <subfield code="a">272 p. : </subfield>
      <subfield code="b">il. ; </subfield>
      <subfield code="a">248 p. : </subfield>
      <subfield code="b">il. ; </subfield>
      <subfield code="a">376 p. : </subfield>
      <subfield code="b">il. ; </subfield>
      <subfield code="a">402 p. : </subfield>
      <subfield code="b">il. ; </subfield>
      <subfield code="a">1 v. (en varias paginaciones) : </subfield>
      <subfield code="b">il. ; </subfield>
      <subfield code="a">t. : </subfield>
      <subfield code="b">il. ; </subfield>
      <subfield code="a">xl, 1648 p. : </subfield>
      <subfield code="b">il. ; </subfield>
      <subfield code="a">300 p. : </subfield>
      <subfield code="b">il. ; </subfield>
      <subfield code="a">278 p. : </subfield>
      <subfield code="b">il. ; </subfield>
      <subfield code="a">156 p. : </subfield>
      <subfield code="b">il. ; </subfield>
      <subfield code="a">167 p. : </subfield>
      <subfield code="b">il. ; </subfield>
      <subfield code="a">782 p. : </subfield>
      <subfield code="b">il. ; </subfield>
      <subfield code="a">292 p. : </subfield>
      <subfield code="a">xxviii, 483 p. : </subfield>
      <subfield code="a">580 p. : </subfield>
      <subfield code="b">il. ; </subfield>
      <subfield code="a">478 p. : </subfield>
      <subfield code="b">il. ; </subfield>
      <subfield code="a">172 p. : </subfield>
      <subfield code="b">il. ; </subfield>
      <subfield code="a">274 p. : </subfield>
      <subfield code="a">xxx, 634 p. : </subfield>
      <subfield code="a">xxii, 736 p. : </subfield>
      <subfield code="b">il. ; </subfield>
      <subfield code="a">xxi, 355 p. : </subfield>
      <subfield code="b">il. ; </subfield>
      <subfield code="a">94 p. : </subfield>
      <subfield code="b">il. ; </subfield>
      <subfield code="a">116 p. : </subfield>
      <subfield code="b">il. ; </subfield>
      <subfield code="a">185 p. : </subfield>
      <subfield code="b">il. ; </subfield>
      <subfield code="a">198 p. : </subfield>
      <subfield code="a">146 p. : </subfield>
      <subfield code="a">155 p. : </subfield>
      <subfield code="a">764 p. : </subfield>
      <subfield code="b">il. ; </subfield>
      <subfield code="a">216 p. : </subfield>
      <subfield code="b">il. ; </subfield>
      <subfield code="a">317 p. : </subfield>
      <subfield code="b">il. ; </subfield>
      <subfield code="a">505 p. : </subfield>
      <subfield code="b">il. ; </subfield>
      <subfield code="a">[26] p. : </subfield>
      <subfield code="b">il. ; </subfield>
      <subfield code="a">58 p. : </subfield>
      <subfield code="b">il. ; </subfield>
      <subfield code="a">147 p. : </subfield>
      <subfield code="b">il. ; </subfield>
      <subfield code="a">104 p. : </subfield>
      <subfield code="b">il. ; </subfield>
      <subfield code="a">135 p. : </subfield>
      <subfield code="b">il. ; </subfield>
      <subfield code="a">170 p. : </subfield>
      <subfield code="b">il. ; </subfield>
      <subfield code="a">75 p. : </subfield>
      <subfield code="b">il. ; </subfield>
      <subfield code="a">xiv, 504 p. : </subfield>
      <subfield code="b">il. ; </subfield>
      <subfield code="e">1 CD-ROM en bolsillo</subfield>
    </datafield>
    <datafield tag="500" ind1=" " ind2=" ">
      <subfield code="a">Contenido del CD-ROM: Ejercicios y herramientas software</subfield>
    </datafield>
    <datafield tag="650" ind1=" " ind2=" ">
      <subfield code="a"> BASE DE DATOS</subfield>
    </datafield>
    <datafield tag="942" ind1=" " ind2=" ">
      <subfield code="c">BK</subfield>
    </datafield>
    <datafield tag="952" ind1=" " ind2=" ">
      <subfield code="a">BIB_RECT</subfield>
      <subfield code="b">BIB_UART</subfield>
      <subfield code="d">2017-10-04</subfield>
      <subfield code="y">BK</subfield>
      <subfield code="p">03-48962</subfield>
      <subfield code="i">03-48962</subfield>
      <subfield code="g">183</subfield>
      <subfield code="o">004.65 V718a</subfield>
      <subfield code="e">Compra SIUNPA/17</subfield>
      <subfield code="8">CG</subfield>
    </datafield>
  </record>