
  <record>
    <leader>01000aam  22002601a 4500</leader>
    <controlfield tag="001">YPZ100742</controlfield>
    <controlfield tag="003">YPZ</controlfield>
    <controlfield tag="005">201710101427570</controlfield>
    <controlfield tag="008">171010|###########||||||b||||||||||spa|d</controlfield>
    <datafield tag="020" ind1=" " ind2=" ">
      <subfield code="a">9789501242607</subfield>
    </datafield>
    <datafield tag="040" ind1=" " ind2=" ">
      <subfield code="c">SIUNPA</subfield>
    </datafield>
    <datafield tag="041" ind1=" " ind2=" ">
      <subfield code="a">spa</subfield>
    </datafield>
    <datafield tag="044" ind1=" " ind2=" ">
      <subfield code="a">AR</subfield>
    </datafield>
    <datafield tag="080" ind1=" " ind2=" ">
      <subfield code="a">159.922.7 F611n</subfield>
    </datafield>
    <datafield tag="100" ind1=" " ind2=" ">
      <subfield code="a">Flesler, Alba.</subfield>
    </datafield>
    <datafield tag="245" ind1=" " ind2=" ">
      <subfield code="a">El niño en análisis y el lugar de los padres</subfield>
    </datafield>
    <datafield tag="250" ind1=" " ind2=" ">
      <subfield code="a">1a ed., 5a reimpr.</subfield>
    </datafield>
    <datafield tag="260" ind1=" " ind2=" ">
      <subfield code="a">Buenos Aires</subfield>
      <subfield code="b"> : Paidós</subfield>
      <subfield code="c"> , 2017</subfield>
    </datafield>
    <datafield tag="440" ind1=" " ind2=" ">
      <subfield code="a">Colihue narrativa</subfield>
      <subfield code="a">Sociedad / Biblos</subfield>
      <subfield code="a">Paidós voces de la educación</subfield>
      <subfield code="a">Paidós voces de la educación</subfield>
      <subfield code="a">Paidós voces de la educación</subfield>
      <subfield code="a">Paidós cuestiones de educación</subfield>
      <subfield code="a">Biblioteca de Psicología profunda</subfield>
      <subfield code="v">260</subfield>
    </datafield>
    <datafield tag="490" ind1=" " ind2=" ">
      <subfield code="a">Colihue narrativa</subfield>
      <subfield code="a">Sociedad / Biblos</subfield>
      <subfield code="a">Paidós voces de la educación</subfield>
      <subfield code="a">Paidós voces de la educación</subfield>
      <subfield code="a">Paidós voces de la educación</subfield>
      <subfield code="a">Paidós cuestiones de educación</subfield>
      <subfield code="a">Biblioteca de Psicología profunda</subfield>
      <subfield code="v">260</subfield>
    </datafield>
    <datafield tag="650" ind1=" " ind2=" ">
      <subfield code="a"> PSICOLOGIA INFANTIL</subfield>
    </datafield>
    <datafield tag="650" ind1=" " ind2=" ">
      <subfield code="a"> PSICOANALISIS INFANTIL</subfield>
    </datafield>
    <datafield tag="942" ind1=" " ind2=" ">
      <subfield code="c">BK</subfield>
    </datafield>
    <datafield tag="952" ind1=" " ind2=" ">
      <subfield code="a">BIB_RECT</subfield>
      <subfield code="b">BIB_UACO</subfield>
      <subfield code="d">2017-10-10</subfield>
      <subfield code="y">BK</subfield>
      <subfield code="p">02-49013</subfield>
      <subfield code="i">02-49013</subfield>
      <subfield code="g">276</subfield>
      <subfield code="o">159.922.7 F611n</subfield>
      <subfield code="e">Compra SIUNPA/17</subfield>
      <subfield code="8">CG</subfield>
    </datafield>
    <datafield tag="952" ind1=" " ind2=" ">
      <subfield code="a">BIB_RECT</subfield>
      <subfield code="b">BIB_UACO</subfield>
      <subfield code="d">2017-10-11</subfield>
      <subfield code="y">BK</subfield>
      <subfield code="p">02-49014</subfield>
      <subfield code="i">02-49014</subfield>
      <subfield code="g">276</subfield>
      <subfield code="o">159.922.7 F611n</subfield>
      <subfield code="e">Compra SIUNPA/17</subfield>
      <subfield code="8">CG</subfield>
    </datafield>
    <datafield tag="952" ind1=" " ind2=" ">
      <subfield code="a">BIB_RECT</subfield>
      <subfield code="b">BIB_UACO</subfield>
      <subfield code="d">2017-10-11</subfield>
      <subfield code="y">BK</subfield>
      <subfield code="p">02-49015</subfield>
      <subfield code="i">02-49015</subfield>
      <subfield code="g">276</subfield>
      <subfield code="o">159.922.7 F611n</subfield>
      <subfield code="e">Compra SIUNPA/17</subfield>
      <subfield code="8">CG</subfield>
    </datafield>
  </record>