
  <record>
    <leader>01000aam  22002601a 4500</leader>
    <controlfield tag="001">YPZ100751</controlfield>
    <controlfield tag="003">YPZ</controlfield>
    <controlfield tag="005">201710121128170</controlfield>
    <controlfield tag="008">171012|###########||||||b||||||||||spa|d</controlfield>
    <datafield tag="020" ind1=" " ind2=" ">
      <subfield code="a">9788479789145</subfield>
    </datafield>
    <datafield tag="040" ind1=" " ind2=" ">
      <subfield code="c">SIUNPA</subfield>
    </datafield>
    <datafield tag="041" ind1=" " ind2=" ">
      <subfield code="a">spa</subfield>
    </datafield>
    <datafield tag="044" ind1=" " ind2=" ">
      <subfield code="a">ES</subfield>
    </datafield>
    <datafield tag="080" ind1=" " ind2=" ">
      <subfield code="a">614:37 P965p</subfield>
    </datafield>
    <datafield tag="245" ind1=" " ind2=" ">
      <subfield code="a">Promoción y educación para la salud</subfield>
      <subfield code="b"> : tendencias innovadoras</subfield>
      <subfield code="c"> / Perea Quesada, Rogelia, dir.</subfield>
    </datafield>
    <datafield tag="260" ind1=" " ind2=" ">
      <subfield code="a">Madrid</subfield>
      <subfield code="b"> : Diaz de Santos</subfield>
      <subfield code="c"> , 2009</subfield>
    </datafield>
    <datafield tag="300" ind1=" " ind2=" ">
      <subfield code="a">313 p. : </subfield>
      <subfield code="b">il. ; </subfield>
      <subfield code="a">276 p. : </subfield>
      <subfield code="b">il. ; </subfield>
      <subfield code="a">xxii, 596 p. : </subfield>
      <subfield code="b">il. ; </subfield>
      <subfield code="a">448 p. : </subfield>
      <subfield code="b">il. ; </subfield>
      <subfield code="a">169 p. : </subfield>
      <subfield code="b">il. ; </subfield>
      <subfield code="a">123 p. : </subfield>
      <subfield code="b">il. ; </subfield>
      <subfield code="a">316 p. : </subfield>
      <subfield code="a">261 p. : </subfield>
      <subfield code="a">426 p. : </subfield>
      <subfield code="a">267 p. : </subfield>
      <subfield code="a">255 p. : </subfield>
      <subfield code="a">204 p. : </subfield>
      <subfield code="b">il ; </subfield>
      <subfield code="a">xiii, 421 p. : </subfield>
      <subfield code="b">il. ; </subfield>
      <subfield code="a">293 p. : </subfield>
      <subfield code="a">228 p. : </subfield>
      <subfield code="a">257 p. : </subfield>
      <subfield code="a">209 p. : </subfield>
      <subfield code="b">il. ; </subfield>
      <subfield code="a">213 p. : </subfield>
      <subfield code="b">il. ; </subfield>
      <subfield code="a">250 p. : </subfield>
      <subfield code="a">95 p. : </subfield>
      <subfield code="a">134 p. : </subfield>
      <subfield code="a">286 p. : </subfield>
      <subfield code="b">il. ; </subfield>
      <subfield code="a">v. : </subfield>
      <subfield code="a">158 p. : </subfield>
      <subfield code="b">il. ; </subfield>
      <subfield code="a">xlv, 488 p. : </subfield>
      <subfield code="b">il. ; </subfield>
      <subfield code="a">530 p. : </subfield>
      <subfield code="b">il. ; </subfield>
      <subfield code="a">xiii, 453 p. : </subfield>
      <subfield code="b">il. ; </subfield>
      <subfield code="e">1 CD-ROM en bolsillo</subfield>
    </datafield>
    <datafield tag="650" ind1=" " ind2=" ">
      <subfield code="a"> EDUCACION SANITARIA</subfield>
    </datafield>
    <datafield tag="650" ind1=" " ind2=" ">
      <subfield code="a"> SALUD PUBLICA</subfield>
    </datafield>
    <datafield tag="650" ind1=" " ind2=" ">
      <subfield code="a"> PROMOCION DE LA SALUD</subfield>
    </datafield>
    <datafield tag="942" ind1=" " ind2=" ">
      <subfield code="c">BK</subfield>
    </datafield>
    <datafield tag="952" ind1=" " ind2=" ">
      <subfield code="a">BIB_RECT</subfield>
      <subfield code="b">BIB_UASJ</subfield>
      <subfield code="d">2017-10-12</subfield>
      <subfield code="y">BK</subfield>
      <subfield code="p">04-49040</subfield>
      <subfield code="i">04-49040</subfield>
      <subfield code="g">422.7</subfield>
      <subfield code="o">614:37 P965p</subfield>
      <subfield code="e">Compra SIUNPA/17</subfield>
      <subfield code="8">CG</subfield>
    </datafield>
    <datafield tag="952" ind1=" " ind2=" ">
      <subfield code="a">BIB_RECT</subfield>
      <subfield code="b">BIB_UASJ</subfield>
      <subfield code="d">2017-10-12</subfield>
      <subfield code="y">BK</subfield>
      <subfield code="p">04-49041</subfield>
      <subfield code="i">04-49041</subfield>
      <subfield code="g">422.7</subfield>
      <subfield code="o">614:37 P965p</subfield>
      <subfield code="e">Compra SIUNPA/17</subfield>
      <subfield code="8">CG</subfield>
    </datafield>
  </record>