
  <record>
    <leader>01000aam  22002601a 4500</leader>
    <controlfield tag="001">YPZ100754</controlfield>
    <controlfield tag="003">YPZ</controlfield>
    <controlfield tag="005">201710130901270</controlfield>
    <controlfield tag="008">171013|###########||||||b||||||||||spa|d</controlfield>
    <datafield tag="020" ind1=" " ind2=" ">
      <subfield code="a">9789871994052</subfield>
    </datafield>
    <datafield tag="040" ind1=" " ind2=" ">
      <subfield code="c">SIUNPA</subfield>
    </datafield>
    <datafield tag="041" ind1=" " ind2=" ">
      <subfield code="a">spa</subfield>
    </datafield>
    <datafield tag="044" ind1=" " ind2=" ">
      <subfield code="a">AR</subfield>
    </datafield>
    <datafield tag="080" ind1=" " ind2=" ">
      <subfield code="a">371.12 S511h</subfield>
    </datafield>
    <datafield tag="100" ind1=" " ind2=" ">
      <subfield code="a">Sevilla, Fabián.</subfield>
    </datafield>
    <datafield tag="700" ind1=" " ind2=" ">
      <subfield code="a">Sevilla, Ariel.</subfield>
    </datafield>
    <datafield tag="245" ind1=" " ind2=" ">
      <subfield code="a">Historia en acción</subfield>
      <subfield code="b"> : dinámica en el aula</subfield>
    </datafield>
    <datafield tag="260" ind1=" " ind2=" ">
      <subfield code="a">Buenos Aires</subfield>
      <subfield code="b"> : Va con H</subfield>
      <subfield code="c"> , 2014</subfield>
    </datafield>
    <datafield tag="440" ind1=" " ind2=" ">
      <subfield code="a">Paidós cuestiones de educación</subfield>
      <subfield code="a">Colección nuevos paradigmas</subfield>
      <subfield code="a">Colección visiones sobre el ambiente</subfield>
      <subfield code="a">Colección biblioteca didáctica</subfield>
      <subfield code="a">Tú mism@</subfield>
      <subfield code="a">Recursos para docentes</subfield>
      <subfield code="v">5</subfield>
    </datafield>
    <datafield tag="490" ind1=" " ind2=" ">
      <subfield code="a">Paidós cuestiones de educación</subfield>
      <subfield code="a">Colección nuevos paradigmas</subfield>
      <subfield code="a">Colección visiones sobre el ambiente</subfield>
      <subfield code="a">Colección biblioteca didáctica</subfield>
      <subfield code="a">Tú mism@</subfield>
      <subfield code="a">Recursos para docentes</subfield>
      <subfield code="v">5</subfield>
    </datafield>
    <datafield tag="500" ind1=" " ind2=" ">
      <subfield code="a">En cub.: veinte actividades para abordar las fechas patrias</subfield>
    </datafield>
    <datafield tag="650" ind1=" " ind2=" ">
      <subfield code="a"> DOCENTES</subfield>
    </datafield>
    <datafield tag="650" ind1=" " ind2=" ">
      <subfield code="a"> FORMACION DE DOCENTES</subfield>
    </datafield>
    <datafield tag="650" ind1=" " ind2=" ">
      <subfield code="a"> METODOS DE ENSEÑANZA</subfield>
    </datafield>
    <datafield tag="650" ind1=" " ind2=" ">
      <subfield code="a"> PRACTICA DOCENTE </subfield>
    </datafield>
    <datafield tag="650" ind1=" " ind2=" ">
      <subfield code="a"> ROL DEL DOCENTE</subfield>
    </datafield>
    <datafield tag="942" ind1=" " ind2=" ">
      <subfield code="c">BK</subfield>
    </datafield>
    <datafield tag="952" ind1=" " ind2=" ">
      <subfield code="a">BIB_RECT</subfield>
      <subfield code="b">BIB_UASJ</subfield>
      <subfield code="d">2017-10-13</subfield>
      <subfield code="y">BK</subfield>
      <subfield code="p">04-49031</subfield>
      <subfield code="i">04-49031</subfield>
      <subfield code="g">123.5</subfield>
      <subfield code="o">371.12 S511h</subfield>
      <subfield code="e">COMPRA  SIUNPA/17</subfield>
      <subfield code="8">CG</subfield>
    </datafield>
  </record>