
  <record>
    <leader>01000aam  22002601a 4500</leader>
    <controlfield tag="001">YPZ100778</controlfield>
    <controlfield tag="003">YPZ</controlfield>
    <controlfield tag="005">201710240933530</controlfield>
    <controlfield tag="008">171024|###########||||||b||||||||||spa|d</controlfield>
    <datafield tag="020" ind1=" " ind2=" ">
      <subfield code="a">9789872922498</subfield>
    </datafield>
    <datafield tag="040" ind1=" " ind2=" ">
      <subfield code="c">SIUNPA</subfield>
    </datafield>
    <datafield tag="041" ind1=" " ind2=" ">
      <subfield code="a">spa</subfield>
    </datafield>
    <datafield tag="044" ind1=" " ind2=" ">
      <subfield code="a">AR</subfield>
    </datafield>
    <datafield tag="080" ind1=" " ind2=" ">
      <subfield code="a">14 D348p</subfield>
    </datafield>
    <datafield tag="100" ind1=" " ind2=" ">
      <subfield code="a">Deleuze, Gilles.</subfield>
    </datafield>
    <datafield tag="245" ind1=" " ind2=" ">
      <subfield code="a">El poder</subfield>
      <subfield code="b"> : curso sobre Foucault</subfield>
    </datafield>
    <datafield tag="250" ind1=" " ind2=" ">
      <subfield code="a">1a ed.</subfield>
    </datafield>
    <datafield tag="260" ind1=" " ind2=" ">
      <subfield code="a">Buenos Aires</subfield>
      <subfield code="b"> : Cactus</subfield>
      <subfield code="c"> , 2014</subfield>
    </datafield>
    <datafield tag="440" ind1=" " ind2=" ">
      <subfield code="a">Plataforma actual</subfield>
      <subfield code="a">Colección ensayos e investigación</subfield>
      <subfield code="a">Fuera de colección</subfield>
      <subfield code="a">Colección pan flauta</subfield>
      <subfield code="a">Literatura mondadori</subfield>
      <subfield code="a">Sanidad. Cuidados auxiliares de enfermería</subfield>
      <subfield code="a">Aportes a la educación inicial</subfield>
      <subfield code="a">Nuevas perspectivas en educación</subfield>
      <subfield code="a">Techniques in ecology and conservation series</subfield>
      <subfield code="a">Serie Clases</subfield>
      <subfield code="v">12</subfield>
    </datafield>
    <datafield tag="490" ind1=" " ind2=" ">
      <subfield code="a">Plataforma actual</subfield>
      <subfield code="a">Colección ensayos e investigación</subfield>
      <subfield code="a">Fuera de colección</subfield>
      <subfield code="a">Colección pan flauta</subfield>
      <subfield code="a">Literatura mondadori</subfield>
      <subfield code="a">Sanidad. Cuidados auxiliares de enfermería</subfield>
      <subfield code="a">Aportes a la educación inicial</subfield>
      <subfield code="a">Nuevas perspectivas en educación</subfield>
      <subfield code="a">Techniques in ecology and conservation series</subfield>
      <subfield code="a">Serie Clases</subfield>
      <subfield code="v">12</subfield>
    </datafield>
    <datafield tag="500" ind1=" " ind2=" ">
      <subfield code="a">La biblioteca posee t.2</subfield>
    </datafield>
    <datafield tag="650" ind1=" " ind2=" ">
      <subfield code="a"> FILOSOFIA POLITICA</subfield>
    </datafield>
    <datafield tag="650" ind1=" " ind2=" ">
      <subfield code="a"> FILOSOFOS</subfield>
    </datafield>
    <datafield tag="650" ind1=" " ind2=" ">
      <subfield code="a"> FOUCAULT, MICHEL (1926</subfield>
    </datafield>
    <datafield tag="650" ind1=" " ind2=" ">
      <subfield code="a">1984)</subfield>
    </datafield>
    <datafield tag="942" ind1=" " ind2=" ">
      <subfield code="c">BK</subfield>
    </datafield>
    <datafield tag="952" ind1=" " ind2=" ">
      <subfield code="a">BIB_RECT</subfield>
      <subfield code="b">BIB_UACO</subfield>
      <subfield code="d">2017-10-24</subfield>
      <subfield code="y">BK</subfield>
      <subfield code="p">02-49075</subfield>
      <subfield code="i">02-49075</subfield>
      <subfield code="g">225.5</subfield>
      <subfield code="o">14 D348p</subfield>
      <subfield code="e">Compra SIUNPA/17</subfield>
      <subfield code="8">CG</subfield>
    </datafield>
    <datafield tag="952" ind1=" " ind2=" ">
      <subfield code="a">BIB_RECT</subfield>
      <subfield code="b">BIB_UACO</subfield>
      <subfield code="d">2017-10-24</subfield>
      <subfield code="y">BK</subfield>
      <subfield code="p">02-49076</subfield>
      <subfield code="i">02-49076</subfield>
      <subfield code="g">225.5</subfield>
      <subfield code="o">14 D348p</subfield>
      <subfield code="e">Compra SIUNPA/17</subfield>
      <subfield code="8">CG</subfield>
    </datafield>
  </record>