
  <record>
    <leader>01000aam  22002601a 4500</leader>
    <controlfield tag="001">YPZ100791</controlfield>
    <controlfield tag="003">YPZ</controlfield>
    <controlfield tag="005">201710250934580</controlfield>
    <controlfield tag="008">171025|###########||||||b||||||||||spa|d</controlfield>
    <datafield tag="020" ind1=" " ind2=" ">
      <subfield code="a">9789876702461</subfield>
    </datafield>
    <datafield tag="040" ind1=" " ind2=" ">
      <subfield code="c">SIUNPA</subfield>
    </datafield>
    <datafield tag="041" ind1=" " ind2=" ">
      <subfield code="a">spa</subfield>
    </datafield>
    <datafield tag="044" ind1=" " ind2=" ">
      <subfield code="a">ES</subfield>
    </datafield>
    <datafield tag="080" ind1=" " ind2=" ">
      <subfield code="a">821.134.2(729.1)</subfield>
    </datafield>
    <datafield tag="100" ind1=" " ind2=" ">
      <subfield code="a">Padura, Leonardo.</subfield>
    </datafield>
    <datafield tag="245" ind1=" " ind2=" ">
      <subfield code="a">Adiós, Hemingway</subfield>
    </datafield>
    <datafield tag="250" ind1=" " ind2=" ">
      <subfield code="a">1a ed.</subfield>
    </datafield>
    <datafield tag="260" ind1=" " ind2=" ">
      <subfield code="a">Barcelona</subfield>
      <subfield code="b"> : Tusquets</subfield>
      <subfield code="c"> , 2014</subfield>
    </datafield>
    <datafield tag="650" ind1=" " ind2=" ">
      <subfield code="a"> LITERATURA POLICIAL</subfield>
    </datafield>
    <datafield tag="650" ind1=" " ind2=" ">
      <subfield code="a"> LITERATURA CUBANA</subfield>
    </datafield>
    <datafield tag="942" ind1=" " ind2=" ">
      <subfield code="c">BK</subfield>
    </datafield>
    <datafield tag="952" ind1=" " ind2=" ">
      <subfield code="a">BIB_RECT</subfield>
      <subfield code="b">BIB_UARG</subfield>
      <subfield code="d">2017-10-25</subfield>
      <subfield code="y">BK</subfield>
      <subfield code="p">05-49096</subfield>
      <subfield code="i">05-49096</subfield>
      <subfield code="g">203.1</subfield>
      <subfield code="o">821.134.2(729.1)</subfield>
      <subfield code="e">Compra SIUNPA/17</subfield>
      <subfield code="8">CG</subfield>
    </datafield>
  </record>