
  <record>
    <leader>01000aam  22002601a 4500</leader>
    <controlfield tag="001">YPZ100796</controlfield>
    <controlfield tag="003">YPZ</controlfield>
    <controlfield tag="005">201710251031010</controlfield>
    <controlfield tag="008">171025|###########||||||b||||||||||spa|d</controlfield>
    <datafield tag="020" ind1=" " ind2=" ">
      <subfield code="a">9789871848423</subfield>
    </datafield>
    <datafield tag="040" ind1=" " ind2=" ">
      <subfield code="c">SIUNPA</subfield>
    </datafield>
    <datafield tag="041" ind1=" " ind2=" ">
      <subfield code="a">spa</subfield>
    </datafield>
    <datafield tag="044" ind1=" " ind2=" ">
      <subfield code="a">AR</subfield>
    </datafield>
    <datafield tag="080" ind1=" " ind2=" ">
      <subfield code="a">159.964.2 P737t</subfield>
    </datafield>
    <datafield tag="100" ind1=" " ind2=" ">
      <subfield code="a">Plut, Sebastián.</subfield>
    </datafield>
    <datafield tag="245" ind1=" " ind2=" ">
      <subfield code="a">Trabajo y subjetividad</subfield>
      <subfield code="b"> : estudios psicoanalíticos</subfield>
      <subfield code="c"> / Maldvasky, David, presentación</subfield>
    </datafield>
    <datafield tag="260" ind1=" " ind2=" ">
      <subfield code="a">Buenos Aires</subfield>
      <subfield code="b"> : Psicolibro</subfield>
      <subfield code="c"> , 2015</subfield>
    </datafield>
    <datafield tag="650" ind1=" " ind2=" ">
      <subfield code="a"> PSICOANALISIS</subfield>
    </datafield>
    <datafield tag="942" ind1=" " ind2=" ">
      <subfield code="c">BK</subfield>
    </datafield>
    <datafield tag="952" ind1=" " ind2=" ">
      <subfield code="a">BIB_RECT</subfield>
      <subfield code="b">BIB_UACO</subfield>
      <subfield code="d">2017-10-18</subfield>
      <subfield code="y">BK</subfield>
      <subfield code="p">02-49080</subfield>
      <subfield code="i">02-49080</subfield>
      <subfield code="g">306</subfield>
      <subfield code="o">159.964.2 P737t</subfield>
      <subfield code="e">Compra SIUNPA</subfield>
      <subfield code="8">CG</subfield>
    </datafield>
    <datafield tag="952" ind1=" " ind2=" ">
      <subfield code="a">BIB_RECT</subfield>
      <subfield code="b">BIB_UACO</subfield>
      <subfield code="d">2017-10-18</subfield>
      <subfield code="y">BK</subfield>
      <subfield code="p">02-49081</subfield>
      <subfield code="i">02-49081</subfield>
      <subfield code="g">306</subfield>
      <subfield code="o">159.964.2 P737t</subfield>
      <subfield code="e">Compra SIUNPA</subfield>
      <subfield code="8">CG</subfield>
    </datafield>
    <datafield tag="952" ind1=" " ind2=" ">
      <subfield code="a">BIB_RECT</subfield>
      <subfield code="b">BIB_UACO</subfield>
      <subfield code="d">2017-10-18</subfield>
      <subfield code="y">BK</subfield>
      <subfield code="p">02-49082</subfield>
      <subfield code="i">02-49082</subfield>
      <subfield code="g">306</subfield>
      <subfield code="o">159.964.2 P737t</subfield>
      <subfield code="e">Compra SIUNPA</subfield>
      <subfield code="8">CG</subfield>
    </datafield>
    <datafield tag="952" ind1=" " ind2=" ">
      <subfield code="a">BIB_RECT</subfield>
      <subfield code="b">BIB_UACO</subfield>
      <subfield code="d">2017-10-18</subfield>
      <subfield code="y">BK</subfield>
      <subfield code="p">02-49083</subfield>
      <subfield code="i">02-49083</subfield>
      <subfield code="g">306</subfield>
      <subfield code="o">159.964.2 P737t</subfield>
      <subfield code="e">Compra SIUNPA</subfield>
      <subfield code="8">CG</subfield>
    </datafield>
    <datafield tag="952" ind1=" " ind2=" ">
      <subfield code="a">BIB_RECT</subfield>
      <subfield code="b">BIB_UACO</subfield>
      <subfield code="d">2017-10-18</subfield>
      <subfield code="y">BK</subfield>
      <subfield code="p">02-49084</subfield>
      <subfield code="i">02-49084</subfield>
      <subfield code="g">306</subfield>
      <subfield code="o">159.964.2 P737t</subfield>
      <subfield code="e">Compra SIUNPA</subfield>
      <subfield code="8">CG</subfield>
    </datafield>
  </record>