
  <record>
    <leader>01000aam  22002601a 4500</leader>
    <controlfield tag="001">YPZ100805</controlfield>
    <controlfield tag="003">YPZ</controlfield>
    <controlfield tag="005">201710260950450</controlfield>
    <controlfield tag="008">171026|###########||||||b||||||||||spa|d</controlfield>
    <datafield tag="020" ind1=" " ind2=" ">
      <subfield code="a">8474430461</subfield>
    </datafield>
    <datafield tag="040" ind1=" " ind2=" ">
      <subfield code="c">SIUNPA</subfield>
    </datafield>
    <datafield tag="041" ind1=" " ind2=" ">
      <subfield code="a">spa</subfield>
    </datafield>
    <datafield tag="044" ind1=" " ind2=" ">
      <subfield code="a">ES</subfield>
    </datafield>
    <datafield tag="080" ind1=" " ind2=" ">
      <subfield code="a">61(091) F762vi</subfield>
    </datafield>
    <datafield tag="100" ind1=" " ind2=" ">
      <subfield code="a">Foucault, Michel.</subfield>
    </datafield>
    <datafield tag="245" ind1=" " ind2=" ">
      <subfield code="a">La vida de los hombres infames</subfield>
      <subfield code="b"> : ensayos sobre desviación y dominación</subfield>
      <subfield code="c"> / Savater, Fernando, presentación ; Varela, Julia, ed. y tr. ; Álvarez Uría, Fernando, ed. y tr.</subfield>
    </datafield>
    <datafield tag="260" ind1=" " ind2=" ">
      <subfield code="a">Madrid</subfield>
      <subfield code="b"> : La Piqueta</subfield>
      <subfield code="c"> , 1990</subfield>
    </datafield>
    <datafield tag="440" ind1=" " ind2=" ">
      <subfield code="a">Pensamiento Herder</subfield>
      <subfield code="a">Colección tierra firme</subfield>
      <subfield code="a">Colección Psicoanálisis</subfield>
      <subfield code="a">Colección Historia Argentina</subfield>
      <subfield code="a">Colección sin fronteras</subfield>
      <subfield code="a">Ciencia para todos</subfield>
      <subfield code="a">Agenda educativa</subfield>
      <subfield code="a">Genealogía del poder</subfield>
      <subfield code="v">no. 18</subfield>
    </datafield>
    <datafield tag="490" ind1=" " ind2=" ">
      <subfield code="a">Pensamiento Herder</subfield>
      <subfield code="a">Colección tierra firme</subfield>
      <subfield code="a">Colección Psicoanálisis</subfield>
      <subfield code="a">Colección Historia Argentina</subfield>
      <subfield code="a">Colección sin fronteras</subfield>
      <subfield code="a">Ciencia para todos</subfield>
      <subfield code="a">Agenda educativa</subfield>
      <subfield code="a">Genealogía del poder</subfield>
      <subfield code="v">no. 18</subfield>
    </datafield>
    <datafield tag="650" ind1=" " ind2=" ">
      <subfield code="a"> MEDICINA</subfield>
    </datafield>
    <datafield tag="650" ind1=" " ind2=" ">
      <subfield code="a"> SALUD</subfield>
    </datafield>
    <datafield tag="650" ind1=" " ind2=" ">
      <subfield code="a"> SOCIOLOGIA DE LA SALUD</subfield>
    </datafield>
    <datafield tag="650" ind1=" " ind2=" ">
      <subfield code="a"> PSICOPATOLOGIA</subfield>
    </datafield>
    <datafield tag="650" ind1=" " ind2=" ">
      <subfield code="a"> HISTORIA DE LA MEDICINA</subfield>
    </datafield>
    <datafield tag="942" ind1=" " ind2=" ">
      <subfield code="c">BK</subfield>
    </datafield>
    <datafield tag="952" ind1=" " ind2=" ">
      <subfield code="a">BIB_RECT</subfield>
      <subfield code="b">BIB_UARG</subfield>
      <subfield code="d">2017-10-26</subfield>
      <subfield code="y">BK</subfield>
      <subfield code="p">05-11963</subfield>
      <subfield code="i">05-11963</subfield>
      <subfield code="g">169</subfield>
      <subfield code="o">61(091) F762vi</subfield>
      <subfield code="e">FOMEC 578</subfield>
      <subfield code="8">CG</subfield>
    </datafield>
  </record>