
  <record>
    <leader>01000aam  22002601a 4500</leader>
    <controlfield tag="001">YPZ100809</controlfield>
    <controlfield tag="003">YPZ</controlfield>
    <controlfield tag="005">201710261314100</controlfield>
    <controlfield tag="008">171026|###########||||||b||||||||||spa|d</controlfield>
    <datafield tag="020" ind1=" " ind2=" ">
      <subfield code="a">9789502327136</subfield>
    </datafield>
    <datafield tag="040" ind1=" " ind2=" ">
      <subfield code="c">SIUNPA</subfield>
    </datafield>
    <datafield tag="041" ind1=" " ind2=" ">
      <subfield code="a">spa</subfield>
    </datafield>
    <datafield tag="044" ind1=" " ind2=" ">
      <subfield code="a">AR</subfield>
    </datafield>
    <datafield tag="080" ind1=" " ind2=" ">
      <subfield code="a">811.134.2'282</subfield>
    </datafield>
    <datafield tag="245" ind1=" " ind2=" ">
      <subfield code="a">Nuestra expresión</subfield>
      <subfield code="b"> : lecturas sobre la identidad de la lengua de los argentinos</subfield>
      <subfield code="c"> / Moure, José Luis, selección, ed., pról. y notas</subfield>
    </datafield>
    <datafield tag="250" ind1=" " ind2=" ">
      <subfield code="a">1a ed.</subfield>
    </datafield>
    <datafield tag="260" ind1=" " ind2=" ">
      <subfield code="a">Buenos Aires</subfield>
      <subfield code="b"> : Eudeba</subfield>
      <subfield code="c"> , 2017</subfield>
    </datafield>
    <datafield tag="650" ind1=" " ind2=" ">
      <subfield code="a"> SOCIOLINGÜISTICA</subfield>
    </datafield>
    <datafield tag="650" ind1=" " ind2=" ">
      <subfield code="a"> LENGUA ESPAÑOLA</subfield>
    </datafield>
    <datafield tag="650" ind1=" " ind2=" ">
      <subfield code="a"> LINGÜISTICA HISTORICA</subfield>
    </datafield>
    <datafield tag="650" ind1=" " ind2=" ">
      <subfield code="a"> ARGENTINA</subfield>
    </datafield>
    <datafield tag="942" ind1=" " ind2=" ">
      <subfield code="c">BK</subfield>
    </datafield>
    <datafield tag="952" ind1=" " ind2=" ">
      <subfield code="a">BIB_RECT</subfield>
      <subfield code="b">BIB_UARG</subfield>
      <subfield code="d">2017-10-23</subfield>
      <subfield code="y">BK</subfield>
      <subfield code="p">05-49117</subfield>
      <subfield code="i">05-49117</subfield>
      <subfield code="g">328</subfield>
      <subfield code="o">811.134.2'282</subfield>
      <subfield code="e">Compra SIUNPA</subfield>
      <subfield code="8">CG</subfield>
    </datafield>
  </record>