
  <record>
    <leader>01000aam  22002601a 4500</leader>
    <controlfield tag="001">YPZ100817</controlfield>
    <controlfield tag="003">YPZ</controlfield>
    <controlfield tag="005">201710301020270</controlfield>
    <controlfield tag="008">171030|###########||||||b||||||||||spa|d</controlfield>
    <datafield tag="020" ind1=" " ind2=" ">
      <subfield code="a">9788490227541</subfield>
    </datafield>
    <datafield tag="040" ind1=" " ind2=" ">
      <subfield code="c">SIUNPA</subfield>
    </datafield>
    <datafield tag="041" ind1=" " ind2=" ">
      <subfield code="a">spa</subfield>
    </datafield>
    <datafield tag="044" ind1=" " ind2=" ">
      <subfield code="a">ES</subfield>
    </datafield>
    <datafield tag="080" ind1=" " ind2=" ">
      <subfield code="a">614.39 C737c4</subfield>
    </datafield>
    <datafield tag="245" ind1=" " ind2=" ">
      <subfield code="a">Compendio de atención primaria</subfield>
      <subfield code="b"> : conceptos, organización y práctica clínica en medicina de familia</subfield>
      <subfield code="c"> / Martín Zurro, Amando, ed. ; Cano Pérez, Juan Francisco, ed. ; Gené Badia, J., ed.</subfield>
    </datafield>
    <datafield tag="250" ind1=" " ind2=" ">
      <subfield code="a">4a ed.</subfield>
    </datafield>
    <datafield tag="260" ind1=" " ind2=" ">
      <subfield code="a">Barcelona</subfield>
      <subfield code="b"> : Elsevier</subfield>
      <subfield code="c"> , 2016</subfield>
    </datafield>
    <datafield tag="500" ind1=" " ind2=" ">
      <subfield code="a">En cub. y lomo: cuarta edición</subfield>
    </datafield>
    <datafield tag="650" ind1=" " ind2=" ">
      <subfield code="a"> MEDICINA DE FAMILIA</subfield>
    </datafield>
    <datafield tag="650" ind1=" " ind2=" ">
      <subfield code="a"> ATENCION PRIMARIA</subfield>
    </datafield>
    <datafield tag="650" ind1=" " ind2=" ">
      <subfield code="a"> CENTROS DE SALUD</subfield>
    </datafield>
    <datafield tag="942" ind1=" " ind2=" ">
      <subfield code="c">BK</subfield>
    </datafield>
    <datafield tag="952" ind1=" " ind2=" ">
      <subfield code="a">BIB_RECT</subfield>
      <subfield code="b">BIB_UARG</subfield>
      <subfield code="d">2017-10-30</subfield>
      <subfield code="y">BK</subfield>
      <subfield code="p">05-49142</subfield>
      <subfield code="i">05-49142</subfield>
      <subfield code="g">270</subfield>
      <subfield code="o">614.39 C737c4</subfield>
      <subfield code="e">Blanco - PI 388</subfield>
      <subfield code="8">CG</subfield>
    </datafield>
  </record>