
  <record>
    <leader>01000aam  22002601a 4500</leader>
    <controlfield tag="001">YPZ100825</controlfield>
    <controlfield tag="003">YPZ</controlfield>
    <controlfield tag="005">201710311053570</controlfield>
    <controlfield tag="008">171031|###########||||||b||||||||||spa|d</controlfield>
    <datafield tag="020" ind1=" " ind2=" ">
      <subfield code="a">9789589386781</subfield>
    </datafield>
    <datafield tag="040" ind1=" " ind2=" ">
      <subfield code="c">SIUNPA</subfield>
    </datafield>
    <datafield tag="041" ind1=" " ind2=" ">
      <subfield code="a">spa</subfield>
    </datafield>
    <datafield tag="044" ind1=" " ind2=" ">
      <subfield code="a">CO</subfield>
    </datafield>
    <datafield tag="080" ind1=" " ind2=" ">
      <subfield code="a">630*26 C749n 9</subfield>
    </datafield>
    <datafield tag="110" ind1=" " ind2=" ">
      <subfield code="a">Congreso Nacional de Sistemas Silvopastoriles (9 : 2017 : Cali).</subfield>
    </datafield>
    <datafield tag="245" ind1=" " ind2=" ">
      <subfield code="a">9° congreso nacional de sistemas silvopastoriles</subfield>
      <subfield code="c"> / Chará, Julián, ed. ; Peri, Pablo Luis, ed. ; Rivera, Julián E., ed. ; Murgueitio, Enrique, ed. ; Castaño, Karen, ed.</subfield>
    </datafield>
    <datafield tag="260" ind1=" " ind2=" ">
      <subfield code="a">Cali</subfield>
      <subfield code="b"> : CIPAV</subfield>
      <subfield code="c"> , 2017</subfield>
    </datafield>
    <datafield tag="650" ind1=" " ind2=" ">
      <subfield code="a"> RECURSOS FORESTALES</subfield>
    </datafield>
    <datafield tag="650" ind1=" " ind2=" ">
      <subfield code="a"> SISTEMAS SILVOPASTORILES</subfield>
    </datafield>
    <datafield tag="650" ind1=" " ind2=" ">
      <subfield code="a"> SILVICULTURA</subfield>
    </datafield>
    <datafield tag="650" ind1=" " ind2=" ">
      <subfield code="a"> CALI (COLOMBIA)</subfield>
    </datafield>
    <datafield tag="942" ind1=" " ind2=" ">
      <subfield code="c">BK</subfield>
    </datafield>
    <datafield tag="952" ind1=" " ind2=" ">
      <subfield code="a">BIB_RECT</subfield>
      <subfield code="b">BIB_UARG</subfield>
      <subfield code="d">2017-10-31</subfield>
      <subfield code="y">BK</subfield>
      <subfield code="p">05-49156</subfield>
      <subfield code="i">05-49156</subfield>
      <subfield code="g">400</subfield>
      <subfield code="o">630*26 C749n 9</subfield>
      <subfield code="e">Peri, Pablo</subfield>
      <subfield code="8">CG</subfield>
    </datafield>
  </record>
</collection>
